2320 4030
612 289 898 342 1Ns‘r1'r.
931 275 1268 348 ORATOR.
1306 285 1444 336 Lm.
1478 289 1542 336 X.
1583 303 1628 336 1.
1896 301 1984 355 173

266 434 438 501 putat,
467 441 788 500 quamquam
815 425 1006 486 illumc
1039 425 1263 478 bellicum
1287 443 1477 494 canere,
1503 422 1665 494 hujus
1701 442 1779 476 ore
1804 424 1986 548 Μαζαὲ

267 499 359 571 ff
382 499 569 563 locutas
592 498 870 551 existimet.
945 493 1481 549 Licettamen'nobis
1506 495 1561 545 in
1588 494 1882 565 digreffioni
1921 503 1987 548 ‘us

265 568 358 622 uti
397 569 481 622 vel
521 569 767 623 historico
815 585 1216 638 nonnumquam
1267 566 1459 630 nitore,
1504 565 1634 617 dum
1682 564 1736 616 in
1787 565 1872 631 iis,
1917 568 1987 621 de

266 639 467 721 quibus
491 639 591 693 erit
614 638 850 711 quaesti0,
875 638 1279 691 meminerimus
1310 653 1443 689 NON
1472 635 1986 704 athletarumaetoros,

267 710 358 765 sed
393 708 627 764 militum
670 710 894 763 lacertos
933 709 1032 761 effe
1055 729 1068 760 :
1127 726 1225 760 nec
1267 705 1629 760 verficolorem
1667 706 1837 772 illam,
1883 715 1990 780 'qua

265 781 576 836 Demetrius
604 780 885 834 Phalereus
909 780 1186 832 dicebatur
1207 780 1310 844 uti,
1337 779 1525 830 vestem
1552 778 1689 830 bene
1708 778 1986 832 ‘ad-foren-

174 873 249 928 34
268 852 385 906 sem'
401 850 668 925 pulverem
698 851 888 905 facere.
963 852 1052 903 Est
1075 861 1132 904 et
1155 850 1292 903 alius
1315 863 1380 902 ex
1404 848 1632 901 historiis
1651 851 1672 884 ‘¹
1698 848 1839 916 usus,
1864 851 1991 905 etis

267 922 486 996 quidem
513 923 798 988 maximuS,
823 922 911 975 sed
936 941 1040 974 non
1067 922 1134 974 ad
1158 921 1471 993 praesentem
1492 919 1758 991 pertine-ns
1783 921 1987 988 locum,

267 1012 336 1048 ex
360 993 705 1067 cognitionee
744 1012 918 1046 rerum
952 993 1447 1064 exemplorumque,
1473 991 1689 1062 quibus*
1710 991 1763 1043 in
1803 992 1990 1063 primis

268 1064 551 1119 instructus
587 1065 687 1119 effe
711 1065 872 1118 debet
896 1074 1098 1130 orator,
1118 1082 1187 1116 ne
1222 1063 1402 1115 omnia
1424 1062 1720 1114 testimonia
1743 1075 1959 1134 expetat
1975 1068 1994 1101 f

269 1152 302 1190 a
323 1136 405 1190 liti
449 1148 628 1201 atore3
668 1135 754 1189 sed
779 1136 1031 1208 pleraque
1055 1153 1122 1188 ex
1143 1135 1396 1200 vetustate
1422 1133 1708 1204 diligenter
1736 1134 1828 1186 fibi
1854 1153 1919 1188 co
1939 1142 1942 1145 ’
1962 1167 1988 1178 -

269 1207 383 1262 nita
430 1221 595 1275 umat,
621 1207 725 1260 hoc
742 1216 764 1248 ἕ
799 1206 1121 1279 potentiora,
1186 1205 1292 1260 uod
1317 1223 1378 1257 ea
1404 1203 1509 1256 sola
1545 1204 1858 1258 criminibus
1879 1154 1992 1259 offii

179 1296 247 1356 35
270 1289 337 1332 et'
366 1278 594 1353 gratiaeh
631 1290 837 1332 vacant.
911 1277 964 1330 A
1005 1226 1439 1348 philoilophorum
1473 1288 1611 1328 vero
1654 1274 1886 1330 lectione
1929 1288 1993 1330 ut

270 1349 463 1404 effenti
499 1351 651 1403 nobis
676 1349 848 1402 multa
870 1348 1116 1420 petenda,
1142 1347 1273 1400 vitio
1306 1347 1505 1400 factum
1544 1347 1615 1398 est
1637 1347 1662 1378 ¹‘
1698 1358 1987 1415 oratorum,

269 1422 396 1494 qui¹
424 1420 641 1494 quide
666 1420 772 1473 illis
796 1420 1002 1504 optima
1023 1419 1100 1471 sui
1125 1419 1299 1491 operis
1323 1429 1469 1490 parte
1493 1417 1749 1470 cefferunt
1762 1427 1811 1472 ¹¹².
1841 1421 1987 1473 Nam

270 1503 327 1546 et
361 1492 428 1546 de
454 1492 628 1564 justiS,
656 1490 906 1556 honestm,
929 1491 1178 1555 utilibus,
1206 1500 1225 1522 ¹¹
1246 1507 1479 1562 quaeque
1514 1488 1634 1541 sunt
1669 1488 1754 1541 his
1777 1505 1989 1543 contra·

237 1625 247 1642 .
270 1563 367 1630 ria,
394 1575 450 1617 et
474 1564 541 1617 de
570 1564 730 1617 rebus
763 1563 956 1616 divinis
981 1562 1214 1614 maxime
1237 1562 1446 1625 dicunt,
1473 1570 1529 1612 et
1550 1568 1994 1631 argumentantur

271 1633 495 1689 acriter:
523 1646 590 1688 'et
613 1645 635 1667 ⁰
672 1627 1107 1699 altercationibus
1132 1644 1294 1705 atque
1329 1631 1834 1703 interrogationibus
1870 1651 1990 1700 ora,—

181 1716 254 1786 36
273 1716 443 1761 torem
468 1705 709 1760 futurum
735 1706 938 1778 optime
959 1705 1220 1758 'Socratici
1243 1712 1552 1776 praeparant.
1615 1702 1720 1755 Sed
1747 1702 1831 1755 his
1857 1698 1996 1776 quo-

274 1796 382 1850 que
420 1777 786 1832 adhibendum
827 1778 899 1830 est
938 1775 1104 1829 (imile
1135 1772 1424 1848 judicium,
1461 1785 1523 1827 ut
1565 1774 1726 1826 etiam
1766 1792 1910 1828 eumz
1937 1776 1992 1830 in

273 1851 434 1904 rebus
456 1849 720 1902 versemur
744 1847 948 1914 iisdem,
975 1866 1083 1900 non
1116 1859 1294 1900 tamen
1321 1847 1561 1899 eamdem
1591 1843 1691 1898 effe
1726 1846 1995 1899 conditio-

273 1934 400 1975 nem
443 1921 665 1974 sciamus
702 1919 880 1972 litium
922 1938 983 1972 ac
1022 1919 1458 1990 disputationum,
1491 1915 1591 1968 fori
1630 1926 1686 1968 et
1721 1916 1996 1984 auditorii,

185 2015 253 2071 37
277 2003 657 2065 praeceptorum
684 2002 739 2044 et
763 1990 1137 2061 periculorum.
1201 1989 1380 2044 Credo
1403 1987 1676 2040 exaauros
1702 1988 1996 2061 plerosque,

278 2083 403 2117 cum
442 2074 667 2116 tantum·
695 2063 796 2134 effe
836 2062 1081 2115 utilitatis
1118 2061 1171 2113 in
1213 2059 1446 2132 legendo
1478 2057 1806 2130 judicemUS,
1841 2072 1903 2115 ut
1943 2061 2000 2117 id

277 2136 497 2215 quoque
531 2133 888 2208 adjungamus
917 2133 1083 2206 operi,
1109 2132 1195 2206 qui
1212 2133 1325 2204 sint
1349 2130 1544 2205 legendi
1564 2139 1606 2197 Ρ,
1635 2149 1757 2202 quae
1781 2132 1836 2184 in
1862 2141 1999 2205 quo.

1198 2299 1216 2326 ‘¹
1249 2300 1444 2340 historicis
1461 2299 1518 2339 us.
1536 2308 1579 2339 et
1596 2300 1644 2340 iis
1662 2301 1715 2340 G.
1750 2317 1754 2320 ’

1221 2360 1239 2384 ⁸
1271 2357 1362 2394 haec
1381 2355 1430 2393 G.
1450 2355 1556 2394 Jens.

1278 2409 1287 2434 ¹
1319 2420 1412 2460 quae
1432 2409 1500 2447 iid-

1305 2467 1327 2496 Ρ
1350 2477 1421 2502 om.
1439 2461 1507 2505 iid.

333 2308 351 2330 e
383 2302 603 2345 illius'bell.
624 2314 811 2342 canorem
833 2302 885 2341 G.
902 2302 1008 2343 Jens.

279 2358 471 2410 gitatione
490 2359 542 2404 G.
750 2362 758 2380 ¹
791 2357 974 2408 expefiet
993 2357 1045 2397 G.

282 2411 294 2438 ἱ
323 2411 418 2452 effct
433 2411 541 2451 Jens.
599 2458 601 2461 ι
690 2409 710 2436 ²³
744 2409 842 2450 alias
859 2410 926 2463 ins.
947 2412 998 2451 G.
1015 2408 1122 2450 Jens.

282 2473 311 2503 Ι.
333 2465 459 2518 iisque
476 2477 569 2518 quae
587 2463 665 2507 smt
682 2473 811 2504 contr.
831 2464 898 2503 iid.
1009 2470 1028 2489 ⁰
1059 2476 1112 2504 ex
1129 2460 1198 2503 iid.

1888 2309 1906 2331 e
1932 2315 2005 2344 co-

1738 2354 1757 2378 ¹¹
1789 2357 1914 2405 gratia
1933 2358 2002 2397 iid.

1643 2417 1675 2439 m
1703 2411 1917 2463 censentur
1933 2412 2003 2452 fid.

339 2616 415 2669 33.
447 2613 539 2659 Non
560 2613 808 2657 athletarum
825 2612 950 2667 toros]
983 2611 1101 2655 Ath-

282 2672 374 2719 letae
404 2674 513 2716 enim
541 2673 713 2716 studiose
744 2682 785 2715 et
814 2670 928 2714 victu
954 2673 1102 2728 exqui-

272 2731 357 2778 *fito
375 2731 428 2775 ad
456 2730 500 2774 id
531 2725 716 2782 aluntu'r,
735 2739 784 2772 ut
812 2730 985 2789 speciosa
1008 2727 1103 2787 pul·

282 2789 350 2852 pis
364 2796 406 2833 et
427 2788 531 2832 toris
553 2788 730 2831 habeant
749 2801 937 2845 corpora,
955 2797 996 2829 et
1016 2787 1103 2844 spe-

283 2846 522 2892 eiofioribus
551 2846 929 2904 patentioribusque
960 2845 1104 2887 vulne-

284 2906 402 2949 ribus
435 2905 674 2961 sanguinem
709 2903 969 2962 copiosiorem
1007 2901 1106 2945 fun-

280 2963 403 3007 dant.
452 2962 553 3005 vid.
576 2977 671 3020 quae
691 2962 741 3005 de
769 2961 1015 3020 gladiatoria
1035 2959 1107 3003 illa

286 3021 327 3064 sa
360 3022 428 3064 'na
458 3018 574 3079 Lips.
608 3021 774 3064 saturn.
805 3021 934 3062 Serm.
969 3034 1010 3068 1,
1035 3034 1103 3074 14.

286 3035 480 3124 Nfflitum
511 3076 700 3121 adstriaa
729 3079 880 3128 nervis,
901 3086 941 3119 et
961 3077 1012 3119 ad
1033 3091 1107 3134 pa-

288 3137 477 3180 tientiam
503 3149 665 3178 omnem
695 3137 859 3184 durata,
878 3147 952 3178 nec
971 3145 1109 3177 tamen

288 3193 474 3246 confecta
501 3202 545 3237 et
579 3195 796 3245 emaciata,
825 3194 889 3236 sed
916 3191 1111 3236 lacertosa

289 3253 443 3304 adhuc,
462 3252 606 3295 decent
627 3266 814 3310 corpora.

353 3325 423 3366 33.
455 3307 980 3367 verstcolorem-ojgstem]
1013 3307 1110 3351 Pic-

223 3418 227 3422 Δ
289 3376 379 3421 tam
411 3369 537 3411 nimis
570 3377 610 3410 et
649 3366 878 3410 luminibus
915 3366 1110 3408 omnibus

239 3427 259 3458 Ψ
289 3425 521 3470 distinctam
549 3426 793 3476 emtionem,
843 3439 939 3466 uam
963 3424 1109 3469 Petro-

290 3485 352 3527 nii
387 3484 514 3526 verbo
548 3481 789 3542 maculosam
853 3482 955 3531 icas,
991 3481 1113 3524 intel-

292 3541 387 3600 ligi,
406 3540 577 3600 planum
596 3540 666 3586 est.
713 3541 820 3601 Qis
850 3539 921 3583 illa
947 3539 998 3585 de
1026 3539 1113 3583 De-

1181 2610 1330 2656 metrio
1354 2611 1595 2669 metaphora
1626 2610 1721 2654 usus
1741 2609 1803 2664 fit,
1823 2613 2006 2658 nondum

1182 2672 1455 2714 inveniebam.

1247 2743 1267 2782 3
1277 2743 1317 2783 5.
1345 2727 1542 2771 Socratici
1553 2729 1824 2784 praeparant]
1849 2730 1906 2773 In'
1919 2733 2006 2789 pri-

1182 2787 1267 2829 ·mis
1298 2783 1563 2838 Academici,
1584 2789 1658 2843 qui
1685 2797 1812 2843 caput
1842 2789 1943 2832 illud
1966 2800 2007 2833 et

1185 2845 1442 2903 praecipuam
1479 2840 1591 2900 quasi
1630 2852 1771 2886 notam
1811 2847 2007 2904 Magistri

1187 2898 1264 2954 sni,
1290 2903 1537 2959 ignorantiae
1568 2901 1861 2959 professionem,
1881 2906 2010 2949 dubi-

1188 2962 1406 3011 tationem,
1428 2961 1748 3017 disputationem
1779 2962 1821 3004 in
1850 2973 2012 3006 utram-

1188 3033 1271 3076 que
1299 3028 1473 3075 partem,
1496 3028 1705 3060 tene-reum
1739 3017 1827 3062 haec
1856 3022 1910 3064 est
1940 3022 2012 3066 illa

1189 3075 1473 3134 Philosophia,
1493 3088 1576 3132 qua
1605 3076 1642 3118 se
1673 3075 1766 3133 plus
1796 3079 1860 3119 uti
1887 3080 1945 3121 ait
1967 3081 2011 3125 in

1190 3133 1311 3192 praef.
1344 3133 1594 3192 paradoxon,
1632 3148 1720 3191 quae
1749 3135 1910 3192 peperit
1946 3138 2010 3180 di·

1191 3192 1307 3236 cendi
1343 3191 1518 3249 copiam,
1545 3199 1587 3234 et
1623 3192 1667 3234 in
1697 3205 1782 3249 qua
1819 3193 2011 3238 dicuntur

1186 3251 1261 3300 ea,
1280 3264 1368 3316 qua
1401 3261 1478 3292 non
1508 3248 1676 3292 multum
1702 3249 1928 3309 dtscrepant
1952 3253 2011 3295 ab

1195 3307 1374 3365 opimone
1385 3306 1591 3365 populari.
1951 3330 1960 3339 -

1258 3368 1327 3418 36.
1348 3364 1642 3425 periculorum]
1674 3365 1837 3408 Notum
1858 3366 1927 3418 est,
1938 3374 2014 3425 pe-

1193 3422 1364 3467 riculum
1399 3438 1423 3465 a
1453 3423 1651 3466 Cicerone
1682 3424 1784 3478 saepe
1818 3426 1916 3482 poni
1942 3440 2019 3486 pro

1192 3480 1410 3526 causamm
1429 3490 1469 3524 et
1488 3481 1626 3525 litium
1647 3480 1855 3526 molestiis.
