2320 4030
334 324 434 390 23⁸
631 340 633 342 ·
721 315 800 375 Μ.
834 311 1041 375 FABH
1078 315 1656 374 omNc'rrLlANt

318 461 646 533 Asprenatem
667 474 805 513 ‘reum
837 460 999 514 video.
1072 461 1203 513 Non
1227 458 1372 513 enim
1397 457 1536 530 justa
1558 478 1624 512 ex
1647 457 1816 512 cauffa
1839 456 1924 514 vel
1951 475 2046 515 nea·

318 531 536 590 cessaria
557 530 723 584 videri
745 533 909 602 potest
934 530 1202 602 postulaffe
1224 549 1369 596 eum,
1395 527 1484 584 sed
1546 530 1739 584 uadam
1766 532 2043 585 accusandi

321 602 615 673 voluptate.
674 602 882 658 Praeter
919 601 1023 654 hoc
1059 611 1261 667 tamen,
1295 600 1444 674 quod
1478 619 1508 654 e
1587 619 1894 669 commune,
1919 621 2042 674 pro·
2061 595 2132 666 58

320 673 492 746 priam
531 672 951 727 moderationem
988 672 1234 744 quaedam
1277 670 1461 726 cauffae
1502 670 1814 726 defiderant.
1889 675 2043 728 Qua-

362 754 538 816 ropter
559 754 616 797 et
639 744 735 816 qui
757 743 1086 796 curationem
1116 743 1384 797 bonorum
1419 743 1582 815 patris
1617 743 1917 815 postulabit,
1943 742 2044 796 do-

347 826 434 869 eat
466 813 579 886 ejus
614 813 950 868 valetudine:
990 825 1044 867 et
1080 814 1376 887 quamlibet
1451 815 1591 868 ravia
1625 814 1736 866 filio
1772 826 1919 886 pater
1943 815 2045 868 ob-

312 877 577 959 Jecturus,
602 885 947 938 miserrimam
972 885 1064 939 fibi
1088 885 1325 938 ostendat
1345 903 1375 938 e
1416 904 1445 938 e
1471 885 1609 938 hanc
1638 885 1800 956 ipsam
1828 886 2046 939 necesti—

324 968 490 1010 tatem
517 977 531 1009 τ
570 974 671 1010 nec
707 956 812 1010 hoc
847 955 1027 1027 paucis
1059 956 1222 1009 modo
1244 957 1440 1020 verbiS,
1466 956 1554 1009 sed
1590 967 1706 1009 toto
1742 957 1921 1010 colore
1956 975 2048 1009 ac-

324 1028 508 1095 tioniS,
532 1037 595 1080 ut
616 1026 675 1080 id
697 1045 823 1080 eum
848 1045 956 1079 non
991 1027 1166 1081 dicere
1199 1027 1383 1092 mod0,
1406 1027 1495 1080 sed
1518 1027 1678 1080 etiam
1718 1046 1838 1080 vere
1874 1027 2049 1080 dicere

325 1109 590 1171 appareat.
661 1099 783 1151 Nec
823 1098 1074 1151 cauffanti
1111 1097 1313 1169 pupillo
1354 1099 1422 1151 fic
1458 1107 1605 1151 tutor
1639 1098 1887 1152 irascatur
1921 1117 2046 1152 um-
2066 1105 2138 1165 59

326 1188 523 1242 quam„
538 1178 602 1223 ut
623 1187 730 1223 non
754 1179 1062 1224 remaneant
1083 1169 1276 1223 amoris
1303 1169 1534 1242 vestigia,
1559 1181 1618 1222 et
1639 1170 1779 1223 sacra
1802 1169 2048 1240 quaedam

326 1240 488 1312 patris
515 1240 628 1313 ejus
651 1241 927 1295 memoria.
1000 1240 1123 1294 Jam
1150 1259 1257 1313 quo
1294 1240 1456 1293 modo
1492 1250 1677 1294 contra
1710 1240 2051 1295 abdicantem

297 1327 300 1330 ’
395 1322 550 1377 trem,
576 1322 889 1385 querentem
922 1331 1164 1377 uxorem,
1191 1311 1280 1384 agi
1315 1310 1541 1364 cauffam
1576 1318 1864 1392 oporteret,
1889 1311 1945 1364 in
1976 1311 2048 1366 li-

367 1402 446 1448 r0,
471 1393 536 1437 ut
560 1383 804 1447 arbitror,
829 1383 1048 1455 septimo
1074 1383 1203 1437 dixi.
1279 1382 1515 1437 Quando
1548 1393 1710 1436 etlam
1746 1382 1883 1454 ipsos
1906 1393 1930 1416 2
1964 1383 2047 1436 lo-

327 1455 442 1526 qui,
478 1454 692 1525 quando
730 1455 970 1508 advocati
1006 1473 1138 1508 voce
1174 1454 1255 1508 uti
1290 1454 1520 1520 deceret,
1547 1464 1767 1524 quartus
1805 1455 1961 1522 liber,
1992 1453 2048 1508 in

327 1544 438 1598 quo
474 1526 719 1598 prooemii
755 1536 1014 1598 praecepta
1042 1526 1181 1590 sunt,
1208 1525 1466 1579 continet.
1541 1525 1659 1579 Effe
1693 1536 1757 1578 et-
1782 1525 1838 1578 in
1875 1527 2049 1583 verbis
2070 1524 2139 1577 60

299 1597 475 1668 *quod
511 1596 715 1663 deceat,
749 1607 841 1650 aut
874 1607 1030 1669 turpe
1065 1596 1146 1661 fit,
1183 1597 1387 1649 nemini
1430 1595 1657 1649 dubium
1698 1597 1788 1650 est.
1863 1598 2050 1651 Unum

316 1668 434 1740 jam
461 1668 628 1740 igitur
663 1668 790 1722 huic
823 1667 964 1733 loce,
994 1668 1141 1740 quod
1174 1669 1246 1721 est
1281 1668 1502 1721 summae
1539 1667 1886 1734 difficultatis,
1911 1667 2048 1742 adjia-

295 1739 582 1793 <ciendum
617 1739 846 1804 videtur,
873 1740 1067 1811 quibus
1103 1739 1278 1792 modis
1314 1757 1396 1804 ea,
1422 1758 1546 1811 quae
1579 1738 1702 1791 sunt
1735 1750 1921 1793 natura
1953 1758 2048 1812 pa·-

324 1827 452 1865 rum
485 1810 730 1882 speciosa,
765 1830 994 1882 quaeque
1030 1828 1138 1863 non
1173 1810 1369 1875 dicere,
1396 1811 1430 1862 fi
1465 1809 1786 1863 utrumlibet
1819 1809 1943 1864 efl'et
1980 1811 2051 1864 li:-

325 1881 538 1947 berum,
563 1881 938 1946 maluissemuS,
965 1899 1074 1934 non
1111 1892 1288 1934 tamen
1328 1883 1425 1934 smt
1455 1881 1706 1935 indecora
1727 1877 2048 1936 dicentibus.
2087 1935 2090 1938 ,

296 1974 297 1977 ’
328 1950 485 2007 Qui-d
522 1953 834 2025 asperiorem
876 1953 1072 2006 habere
1107 1952 1338 2005 frontem
1377 1954 1563 2024 potest,
1599 1963 1694 2005 aut
1773 1953 1867 2006 uid
1901 1971 2050 2009 aures
2071 1954 2133 2006 61

325 2023 613 2078 hominum
636 2024 810 2096 magis
830 2025 1100 2095 respuunt,
1125 2043 1288 2096 quam
1326 2043 1451 2077 cum
1488 2025 1562 2076 est
1585 2024 1695 2077 filio
1721 2024 1751 2076 fi
1777 2025 1880 2078 iive
1897 2034 1918 2057 ὃ
1954 2025 2052 2078 ad-

326 2095 529 2150 vocati-s
552 2095 607 2147 in
633 2107 856 2149 matrem
883 2095 1231 2167 perorandum
1253 2098 1270 2148 ?
1312 2095 1622 2167 Aliquando
1646 2105 1824 2148 tamen
1850 2097 2052 2150 necess'e

319 2168 417 2232 -est,
443 2176 507 2220 ut
530 2166 587 2219 in
612 2167 783 2220 cauffa
807 2166 1046 2220 Cluentii
1070 2167 1292 2220 Habiti:
1331 2166 1422 2219 sed
1456 2185 1566 2220 non
1601 2165 1804 2239 semper
1827 2166 1922 2220 illa
1943 2169 2050 2234 via,

324 2255 435 2320 qua
459 2246 644 2292 contra
668 2238 877 2291 Saffiam
906 2238 1099 2291 Cicero
1124 2238 1245 2291 usus
1269 2237 1341 2290 est
1365 2257 1379 2290 ε
1419 2256 1527 2291 non
1553 2237 1679 2311 quia
1703 2256 1811 2290 non
1835 2238 1928 2292 ille
1952 2257 1987 2292 ο
2025 2271 2050 2283 -

295 2321 481 2376 ·-t1me,
505 2308 592 2362 fed
630 2309 756 2380 quia
795 2309 1087 2381 plurimum
1128 2308 1308 2374 refert,
1334 2327 1442 2380 qua
1478 2309 1536 2363 in
1572 2327 1630 2362 re
1664 2319 1721 2362 et
1753 2326 1863 2380 quo
1886 2257 2050 2371 mogo

325 2379 507 2434 laedat.
583 2381 773 2452 Itaque
814 2380 924 2446 illa,
963 2399 1086 2433 cum
1128 2379 1223 2433 filii
1266 2389 1425 2452 caput
1470 2379 1644 2452 palam
1689 2380 2047 2452 impugnaret,
2070 2379 2140 2432 62

327 2451 536 2505 fortiter
557 2450 663 2522 fuit
686 2451 1001 2524 repellenda.
1072 2453 1201 2506 Duo
1225 2462 1431 2518 tamen,
1453 2471 1577 2523 quae
1600 2452 1709 2504 sola
1731 2451 2050 2522 supererant,

296 2521 507 2574 ·‘'‘divine
547 2522 736 2576 Cicero
771 2523 1010 2576 servavit.
1086 2523 1342 2588 Primum,
1369 2540 1437 2575 ne
1474 2522 1866 2576 oblivisceretur
1897 2542 2048 2578 reve-

294 2633 298 2639 =
326 2593 532 2662 rentiae,
560 2613 680 2666 quae
716 2594 1024 2666 parentibus
1061 2593 1319 2648 debetur=
1363 2593 1557 2647 deinde
1591 2604 1673 2661 ut,
1697 2594 1934 2666 repetitis
1969 2595 2049 2649 al·-

536 2753 557 2775 2
586 2748 688 2800 ipsos
705 2749 819 2800 loqui
836 2751 997 2802 quando
1017 2760 1085 2788 om.
1107 2749 1161 2789 c.
1192 2734 1195 2736 ’
1268 2754 1286 2775 ²
1319 2749 1378 2788 sic
1398 2750 1450 2790 G.
1469 2759 1506 2789 et
1526 2750 1618 2790 οὖν.
1637 2750 1774 2790 filiisve
1791 2748 1846 2791 al.

323 2910 326 2914 -
364 2909 372 2915 ν
394 2884 465 2940 582
509 2883 757 2928 curationem
789 2883 997 2938 bonorum]
1043 2885 1148 2928 Haec
1231 2884 1323 2929 loco
1351 2900 1399 2928 ex
1417 2884 1590 2929 Afranii
1616 2887 1907 2944 Emancipam,
1927 2901 2050 2945 quem

333 2944 388 2987 est
416 2946 458 2986 in
484 2942 774 2986 declamatoria
800 2942 935 2985 schola
953 2943 1056 2986 (1ch0
1080 2944 1149 2984 de·
1231 2943 1374 2987 laudat
1402 2945 1566 2987 Nonius
1586 2959 1678 3002 cap.
1704 2960 1747 2996 2,
1768 2946 1808 3000 ξ.
1831 2960 1930 2998 157,
1953 2945 2050 2988 Vide

335 3001 497 3044 mentiae
513 3019 525 3043 .·
557 3001 644 3042 vid.
681 3016 723 3053 7,
749 3016 795 3053 4,
819 3015 836 3043 1
851 3016 890 3052 1,
923 3011 964 3042 et
993 3001 1044 3044 de
1074 3001 1150 3043 hae
1230 3010 1276 3045 ut
1290 3002 1475 3057 facunde
1492 3011 1633 3045 contra
1652 3001 1834 3060 cazff’ris
1853 3010 2047 3060 patrem.-

333 3061 470 3103 decon'
498 3059 775 3102 observatione
809 3074 852 3112 7,
887 3073 933 3112 4,
967 3075 1039 3115 29.
1086 3061 1152 3102 De
1232 3075 1355 3117 quem
1374 3060 1502 3102 solum
1528 3060 1761 3111 laudamus,
1781 3061 1883 3117 quia
1908 3062 2049 3105 eadem

333 3120 419 3176 ipsa
457 3118 617 3171 ratione·
649 3116 762 3169 illius
802 3116 975 3160 actionis
1012 3118 1152 3175 agitur
1234 3119 1433 3161 trafiatur
1462 3118 1532 3162 hic
1564 3118 1731 3179 specieS,
1764 3128 1812 3160 ut
1845 3118 1898 3165 ad·
1930 3118 2049 3162 illum

307 3185 311 3190 ”
334 3177 511 3219 sermone
531 3174 719 3218 Declam.
745 3188 843 3229 349.
1231 3175 1435 3234 respexisse
1452 3176 1582 3223 videri
1602 3186 1728 3233 queat
1745 3177 1920 3221 Fabius..
1955 3177 2050 3221 Ac-

397 3251 468 3291 59.
500 3232 691 3291 cazgffanti
701 3232 872 3290 pupillo]
907 3233 1150 3285 Δικαζομένῳ,
1233 3236 1288 3278 cii
1309 3245 1348 3276 et
1367 3235 1540 3278 Pacuvii
1558 3234 1787 3277 testimonia
1804 3248 1886 3277 non
1911 3236 2050 3280 minus

332 3293 385 3336 ad
405 3294 523 3347 cujus
542 3292 659 3334 verbi
677 3290 853 3334 formam
870 3291 1014 3334 finum
1041 3290 1151 3333 fimi·
1234 3292 1441 3335 luculenta
1472 3305 1522 3335 ex
1554 3294 1695 3336 eodem
1728 3294 1868 3337 Nonio
1902 3293 2050 3337 damus

329 3350 446 3409 lique
475 3348 588 3407 quasi
615 3358 778 3392 moneta
805 3349 1031 3415 perculsum
1051 3359 1153 3406 puto
1192 3390 1195 3391 ⁷
1234 3352 1288 3394 ad
1319 3350 1581 3401 Thesaurum
1602 3353 1656 3395 L.
1678 3352 1733 3394 L.
1755 3351 1799 3395 in
1828 3365 1914 3409 ,quo
1937 3352 2052 3395 ordi·

331 3410 563 3452 Latinum:
593 3418 644 3450 ut
660 3408 770 3461 enim
800 3411 836 3449 ie
865 3407 987 3459 habet
1007 3408 1081 3447 δίκη
1101 3408 1152 3450 ad
1233 3409 1371 3451 nando
1416 3409 1687 3466 poliendoque
1731 3424 1830 3453 cum
1865 3411 2051 3458 gmaxime

331 3463 549 3518 δικάζεσθαι
570 3466 629 3508 ita
647 3465 780 3523 caigffa
800 3465 852 3507 ad
867 3465 1055 3522 cauffari.
1084 3468 1152 3509 At
1231 3468 1509 3509 elaboramus.
1844 3488 1850 3494 -
1957 3490 1962 3493 <

333 3523 581 3579 significatio
598 3538 679 3566 non
699 3524 886 3566 convenit
904 3529 919 3565 ἲ
936 3524 1035 3572 .Hic
1056 3526 1152 3579 qui-
1187 3560 1191 3564 .
1297 3540 1367 3579 59.
1405 3524 1448 3567 in
1474 3524 1576 3568 libro
1592 3523 1784 3582 ssptimo]
1826 3538 1865 3569 c.
1899 3538 1953 3576 45
1974 3540 2052 3581 24.

333 3583 428 3626 dem
449 3583 609 3641 egregie
631 3582 835 3633 convenit,
856 3596 927 3626 nec
952 3583 1091 3626 minus
1111 3584 1152 3626 in
1235 3582 1298 3642 sq.
1329 3591 1499 3642 quartus
1517 3580 1633 3635 liber,
1656 3597 1695 3626 c..
1722 3598 1762 3635 1,
1781 3587 1856 3637 46.
1878 3583 1939 3641 sq.
