2320 4030
335 314 434 392 296
737 324 813 372 Μ.
850 323 1058 373 FABII
1088 282 1676 373 'QUINCTILIANI

333 458 572 531 undique
592 467 739 530 toga.
815 460 944 514 Quo
971 478 1059 512 ma
1100 457 1143 512 is
1168 458 1330 510 miror
1353 457 1490 510 hanc
1513 474 1728 528 quoque
1751 455 2055 511 succurrisse'
2075 470 2145 523 148

335 530 507 584 Plinio
548 541 750 595 curam,
789 540 853 584 ut
892 530 967 584 ita
1004 479 1208 583 suffiario
1246 528 1473 580 frontem
1511 527 1686 581 ficcari
1715 526 1952 597 juberet,
1985 548 2053 582 ne

334 619 504 654 comae
555 602 911 666 turbarentur,
960 619 1091 673 quas
1139 599 1388 670 componi
1433 600 1544 670 post
1591 597 1853 671 paullum,
1901 598 2054 652 ficuti

332 671 562 744 dignum
603 682 733 736 erat,
769 672 1000 743 graviter
1041 683 1097 723 et
1137 672 1306 723 severe
1345 670 1533 723 vetuit.
1609 668 1751 722 Mihi
1790 687 1911 721 vero
1945 669 2054 723 illae

332 760 553 814 quoque
578 744 799 796 turbatae
833 760 938 813 prae
963 741 1012 794 se
1036 742 1171 794 serre
1196 741 1397 811 aliquid
1421 740 1658 806 affectuS,
1684 750 1740 792 et
1769 739 1874 810 ipsa
1909 740 2052 793 obli-

324 813 492 866 vione
516 831 658 866 curae
693 812 853 883 hujus
885 812 1242 865 commendari
1273 811 1532 864 videntur.
1605 812 1683 863 At
1716 810 1747 862 fi
1788 810 2050 882 incipien-
2075 834 2146 874 ¹49

332 883 479 936 tibus
503 897 595 937 aut
665 883 864 936 aullum
892 884 1165 956 progreffis
1203 881 1413 935 decidat
1445 893 1592 952 toga,
1618 899 1725 933 non
1758 884 2053 952 reponereh

332 973 471 1018 earn,
499 902 734 1025 prortiisi
770 953 1090 1026 negligentis
1115 963 1208 1006 aut
1233 952 1390 1024 pigri,
1419 963 1511 1005 aut
1537 971 1645 1023 quo
1671 952 1835 1005 modo
1860 953 2054 1006 debeat

332 1024 558 1091 amiciri,
582 1024 859 1077 nescientis
896 1026 988 1077 est.
1063 1026 1200 1076 Haec
1237 1024 1357 1075 sunt
1398 1023 1480 1075 vel
1517 1022 1891 1076 illustramenta
1926 1042 2050 1094 pro-

331 1095 701 1161 nuntiationiS,
727 1094 811 1148 vel
835 1094 993 1148 vitia:
1035 1095 1229 1167 quibus
1254 1093 1527 1164 propofitis
1547 1094 1591 1159 k,
1619 1094 1787 1146 multa
1812 1094 2051 1165 cogitare

331 1165 494 1219 debet
529 1176 722 1219 orator.
795 1165 1050 1232 Primum,
1089 1166 1228 1238 quid,
1255 1165 1394 1237 apud
1425 1185 1557 1236 quos,
1582 1165 1758 1237 quibus
1786 1164 2048 1236 praefi’nti-
2073 1189 2086 1216 ι
2093 1185 2146 1230 50

331 1237 421 1289 bus
460 1237 521 1290 fit
557 1237 806 1290 acturus?
849 1238 995 1289 Nam
1035 1248 1096 1288 ut
1130 1236 1305 1289 dicere
1342 1235 1445 1288 alia
1478 1235 1611 1302 aliis,
1649 1246 1706 1288 et
1740 1235 1882 1307 apud
1916 1236 2051 1289 alios

330 1307 506 1380 magis
532 1307 814 1360 convenit:
856 1308 922 1360 fic
946 1307 1105 1360 etiam
1142 1306 1333 1359 facere.
1406 1307 1602 1378 Neque
1637 1306 1823 1358 eadem
1860 1306 1915 1359 in
1953 1325 2049 1360 vo·-

329 1396 394 1431 ce
415 1380 448 1445 ¹,
528 1379 651 1444 estu,
693 1377 906 1443 inceffu,
942 1378 1080 1449 apud
1118 1378 1430 1448 principem,
1466 1377 1724 1442 senatum,
1767 1377 2048 1449 populum,

327 1398 713 1521 magiffratum,
776 1449 960 1515 rivat0,
987 1448 1202 1520 publico
1227 1449 1456 1520 judicio,
1484 1448 1851 1519 postulatione,
1878 1448 2047 1502 astio-

328 1539 397 1572 ne
446 1519 681 1573 fimiliter
727 1467 936 1573 Eecent.
1012 1521 1192 1574 Quam
1249 1519 1596 1572 differentiam
1653 1517 1907 1591 subjicere
1956 1518 2046 1572 fibi
2071 1542 2138 1586 151

369 1590 571 1663 uisque,
610 1591 704 1662 qui
742 1591 978 1644 animum
1019 1590 1322 1655 intenderit,
1356 1592 1539 1661 potest,
1578 1600 1696 1643 tum
1738 1608 1847 1661 qua
1885 1589 1953 1643 de
1990 1609 2050 1644 re

328 1610 493 1728 dicat,
522 1672 578 1714 et
603 1661 852 1718 efficere¹¹²
886 1659 1020 1733 quid
1050 1661 1195 1714 velit.
1270 1661 1370 1716 Rei
1403 1661 1731 1733 quadruplex
1755 1660 2050 1715 observatio

328 1733 421 1786 est.
501 1733 615 1785 Una
651 1733 707 1785 in
732 1742 848 1786 tota
883 1731 1068 1784 caussa.
1144 1735 1282 1786 Sunt
1306 1732 1448 1784 enim
1475 1732 1662 1796 tristes,
1688 1731 1900 1797 hilareS,
1924 1732 2049 1786 soli·
2078 1776 2082 1782 κ

329 1802 470 1869 citae,
495 1804 708 1870 securae,
734 1803 980 1875 grandeS,
1007 1802 1202 1874 pufillae
1227 1824 1240 1855 z
1280 1814 1342 1855 ut
1366 1803 1452 1855 vix
1477 1821 1731 1874 umquam
1765 1803 1844 1856 ita
1874 1802 2050 1858 solici-

326 1874 428 1926 tari
453 1874 691 1946 partibus
717 1893 898 1928 earum
923 1874 1230 1938 debeamus,
1257 1885 1319 1926 ut
1343 1893 1449 1927 non
1484 1875 1706 1928 summae
1739 1874 2048 1928 memineri-

326 1963 467 1998 mus‚
541 1945 741 2011 Altera,
776 1966 897 2017 quae
930 1946 1001 1998 est
1038 1945 1095 1998 in
1133 1945 1427 1998 differentia
1460 1945 1709 2016 partium,
1736 1955 1799 1998 ut
1834 1944 1888 1998 in
1919 1964 2046 2018 pro-
2071 1965 2140 2008 152

327 2016 509 2082 oemio,
558 2018 873 2083 narratione,
922 2017 1400 2086 argumentatione,
1450 2016 1686 2088 epilogo·
1726 2017 1934 2070 -Tertia
1993 2017 2050 2071 in

324 2087 596 2140 sententiis
618 2088 756 2158 ipsis,
783 2088 837 2139 in
874 2087 1068 2159 quibus
1093 2087 1381 2140 secundum
1417 2106 1499 2140 res
1525 2100 1580 2141 et
1614 2087 1870 2141 affeetusn
1909 2089 2047 2142 vari-

325 2168 484 2212 antur
513 2159 711 2211 omnia.
789 2159 984 2217 Quarta
1015 2158 1070 2210 in
1106 2159 1299 2224 verbiS,
1325 2177 1552 2230 quorum
1586 2169 1647 2212 ut
1679 2159 1749 2211 est
1780 2158 1985 2224 vitiosa,
2013 2160 2050 2212 fi

326 2229 531 2282 efficere
566 2229 747 2283 omnia
778 2229 1022 2295 velimus,
1050 2229 1310 2283 imitatio:
1351 2231 1429 2283 ita
1462 2228 1794 2301 quibusdam,
1830 2229 1921 2297 nifi
1950 2231 2049 2299 ¹sua

326 2311 514 2353 natura
534 2300 789 2366 redditur,
814 2302 895 2353 vis
920 2302 1094 2353 omnis
1118 2300 1355 2354 aufertur
1374 2304 1414 2354 ⁰.
1491 2302 1668 2372 Igitur
1699 2300 1756 2354 in
1782 2300 2045 2355 laudatio·
2069 2320 2139 2366 ¹53

325 2372 500 2435 nibuS,
534 2371 647 2439 (nifi
674 2372 706 2423 fi
731 2371 979 2425 funebres
1015 2374 1188 2440 erunt)
1228 2371 1519 2444 gratiarum
1543 2371 1772 2439 actione,
1797 2371 2046 2427 exhorta-

323 2442 490 2507 tione,
519 2442 788 2507 fimilibuS,
828 2442 953 2495 laeta
991 2452 1047 2495 et
1092 2443 1378 2514 magnifica
1411 2453 1467 2495 et
1503 2443 1743 2496 sublimis
1785 2443 1859 2495 est
1889 2444 2047 2498 afflo-

325 2514 592 2565 Funebres
641 2514 943 2579 conciones,
994 2513 1376 2567 consolationes
1402 2524 1442 2579 Ρ,
1492 2514 1806 2585 plerumque
1861 2515 2047 2569 cauffae

324 2602 554 2648 reorum,
596 2585 761 2637 tristes
805 2595 964 2656 atque
1007 2584 1305 2638 submiffae.'
1360 2585 1423 2637 In
1469 2585 1651 2638 senatu
1699 2584 2049 2645 conservanda

324 2653 626 2721 auctoritaS,
671 2656 809 2727 apud
852 2654 1110 2729 populum
1158 2655 1411 2728 dignitas,
1460 2655 1516 2708 in
1564 2655 1782 2728 privatis
1829 2658 2044 2716 modus-

378 2830 399 2856 Β
431 2832 626 2881 deponere
645 2832 696 2870 G.
857 2828 867 2855 ¹
900 2844 983 2870 non
1004 2833 1070 2884 ins.
1088 2832 1195 2871 Jens.
1356 2832 1377 2858 k
1408 2833 1574 2884 praepos.
1593 2832 1648 2872 id.
1813 2830 1824 2858 ¹
1855 2832 1973 2873 noete
1991 2832 2044 2875 id.

324 2889 357 2910 ¹¹¹
389 2885 546 2927 afficere
564 2885 617 2925 id.
726 2889 745 2909 ¹
777 2885 889 2924 ailus
906 2886 957 2925 id.
1068 2887 1090 2909 0
1118 2887 1279 2926 affertur
1296 2886 1347 2925 G.
1457 2891 1478 2919 Ρ
1503 2886 1812 2926 consultationes
1828 2888 1936 2927 Jens.

386 3039 487 3087 148.
518 3049 568 3077 ne
598 3049 715 3078 comae
744 3033 1028 3087 turbarentur]
1062 3035 1140 3077 Vi·
1221 3034 1395 3077 notabat
1424 3033 1578 3077 Rullus
1609 3033 1694 3085 iste,
1715 3034 1788 3090 qui
1817 3042 1864 3076 ut
1891 3034 2043 3078 denun-

321 3094 444 3136 detur
471 3093 526 3135 ob
561 3093 606 3135 id
635 3093 767 3151 ipsum
794 3091 958 3135 vetuisse
977 3092 1138 3135 Plinius
1220 3091 1348 3135 tiaret
1364 3091 1542 3135 omnibus
1559 3092 1653 3135 vim
1666 3091 1942 3143 tribuniciam,
1957 3103 2042 3135 m'e-

320 3151 492 3195 nimiam
522 3165 735 3194 comarum
763 3150 1070 3207 negligentiam,
1090 3165 1140 3193 ne
1220 3149 1436 3192 ditabatur
1463 3150 1589 3194 etiam
1617 3149 1687 3207 {ffb
1712 3156 1873 3206 corpore
1896 3148 2042 3194 inculto

320 3209 467 3252 deinde
499 3223 597 3253 cura
633 3209 817 3252 molliore
853 3217 894 3250 et
930 3208 1138 3266 turpicula
1220 3216 1261 3249 et
1296 3206 1473 3259 horrido,
1505 3206 1736 3265 capillatior
1766 3221 1891 3265 quam
1924 3216 2040 3259 ante,

320 3283 369 3311 ea
388 3267 609 3325 reparanda
627 3266 733 3311 ess‘et.
785 3268 924 3328 Qam
942 3266 1046 3310 male
1064 3281 1138 3308 au·
1170 3269 1174 3271 ‘
1219 3265 1430 3323 barbaque
1473 3268 1644 3325 majore,
1683 3266 1780 3309 Cic.
1826 3266 1871 3308 in
1915 3265 2038 3310 Run.

318 3326 470 3369 diez-int
500 3325 701 3382 alioquin,
736 3326 811 3383 qui
846 3325 972 3367 nimis
1009 3338 1136 3367 comae
1221 3338 1264 3374 2,
1289 3338 1328 3376 5.
1625 3350 1630 3357 .

319 3384 536 3435 studerent,
556 3383 631 3440 qui
659 3397 735 3426 uno
761 3381 900 3438 dtgiw,
920 3397 971 3425 ne
992 3383 1136 3424 turba·
1281 3395 1380 3435 150.
1414 3381 1695 3439 pestulatione]
1745 3382 1855 3482 Ἕω
1883 3380 1955 3433 est,
1987 3391 2038 3428 ut

321 3451 412 3485 rent
444 3441 621 3499 aliquid,
649 3448 767 3497 caput
784 3439 1030 3499 scalperent,
1061 3455 1135 3482 no·
1216 3438 1431 3482 ostendunt
1462 3440 1577 3491 ICti,
1598 3441 1733 3498 prima
1766 3441 1780 3482 i
1814 3453 1837 3481 a
1869 3439 2036 3483 accusa*-

320 3509 412 3542 tum
429 3499 500 3542 est.
562 3498 778 3541 Turbatas
809 3512 945 3541 comas
965 3496 1136 3552 affeblus
1216 3498 1318 3540 toris
1337 3496 1462 3549 actio,
1482 3511 1566 3554 qua
1594 3499 1714 3555 petit,
1732 3508 1781 3542 ut
1809 3496 1932 3544 liceat
1958 3497 2034 3541 fibi

321 3557 481 3617 aliquid
488 3564 582 3614 prae
596 3557 648 3614 fi’
661 3557 785 3611 ferre
802 3556 947 3609 videri,
967 3570 1048 3600 non
1069 3557 1135 3615 ig-
1217 3555 1395 3613 aliquem
1414 3555 1617 3600 accusare.
1686 3590 1688 3594 ,
