2320 4030
608 231 888 291 INSTIT.
923 237 1267 291 ORATOR.
1304 238 1439 307 1,le
1476 240 1538 287 X.
1578 254 1625 290 2.
1898 253 1992 288 201

275 374 422 428 neris
466 375 742 429 movendis
787 376 1020 441 scientia,
1066 373 1364 447 quamque¹¹
1411 368 1526 426 laus
1574 374 1680 444 ipsa
1726 374 1996 446 popularis

281 445 530 500 utilitatis
561 447 732 520 gratia
765 447 999 513 affumta,
1025 464 1146 518 quae
1171 457 1286 498 tum
1311 446 1324 478 ¹
1364 445 1434 496 est
1471 445 1843 515 pulcherrima,
1872 465 1998 500 cum

265 516 538 589 sequitur,
589 535 696 570 non
743 536 869 572 cum
919 517 1201 571 arceffitur.
1274 517 1410 568 Haec
1456 517 1490 568 fi
1537 515 1915 586 perviderimus
1940 527 1998 583 ¹⁷⁰,

197 583 263 640 28
286 597 404 641 tum
428 607 550 643 vere
588 589 937 642 imitabimur.
1012 587 1126 642 Qui
1159 604 1283 640 vero
1316 586 1479 639 etiam
1513 586 1723 658 propria
1751 586 1836 639 his
1860 588 2001 640 bona

285 659 557 730 adjecerit,
581 670 645 713 ut
681 658 936 730 suppleat,
964 677 1083 730 quae
1124 657 1359 722 deerant,
1393 656 1759 722 circumcidat,
1793 657 1826 710 fi
1866 658 2001 730 quid

284 729 619 796 redundabit,
662 729 707 782 is
745 731 848 783 erit
896 733 1078 801 (quem
1160 728 1432 795 uaerimus)
1481 727 1746 799 perfectus
1786 742 1999 782 orator:

210 833 215 842 ·
286 818 446 872 quem
476 819 619 854 nunc
644 799 994 860 consummari
1020 798 1132 871 poti
1171 817 1339 852 mium
1374 799 1667 869 oportebat,
1690 817 1816 858 cum
1853 811 2006 854 tanto

267 872 442 943 plura
477 871 718 942 exempla
759 872 897 924 bene
939 870 1154 924 dicendi
1191 870 1442 941 superfint
1463 879 1506 935 ¹²,
1548 888 1705 940 quam
1744 870 1868 937 illis,
1911 870 2005 943 qui

288 941 465 995 adhuc
491 943 683 996 summi
707 943 847 1008 sunt,
873 943 1215 1014 contigerunt
1232 951 1273 994 ⁰.
1347 941 1490 993 Nam
1516 943 1617 994 erit
1646 941 1763 994 haec
1789 959 2004 1014 quoquc

265 1012 403 1066 ·laus
451 1032 657 1080 eorum,
701 1025 765 1067 ut
811 1013 1011 1085 priores
1056 1011 1322 1084 superasse,
1365 1011 1597 1085 posteros
1641 1012 1874 1066 docuisse
1917 1013 2003 1066 di-

270 1094 498 1138 cantur.

363 1157 467 1208 III.
506 1157 620 1208 ΕΗ
657 1155 775 1208 haec
813 1154 1032 1226 quidem
1070 1154 1268 1208 auxilia
1299 1152 1620 1208 extrinsecus
1645 1153 2003 1209 adhibentur:

214 1245 218 1249 ·
289 1224 347 1278 in
378 1227 443 1279 iis
469 1237 667 1291 autem,
692 1245 813 1297 quae
846 1226 1001 1278 nobis
1033 1226 1150 1297 ipfis
1176 1225 1404 1297 paranda
1439 1224 1578 1290 sunt,
1605 1235 1668 1277 ut
1699 1225 1913 1293 laboriS,
1939 1228 2007 1280 fic

290 1296 538 1351 utili-tatis
565 1297 726 1350 etiam
753 1298 915 1368 longe
939 1297 1227 1368 plurimum
1253 1297 1401 1349 affert
1427 1295 1590 1349 stilus,
1660 1297 1784 1350 ‘Nec
1813 1297 2007 1351 imme-

263 1375 274 1432 ’Δ
289 1368 397 1422 rito
427 1370 514 1422 M.
539 1368 755 1421 Tullius
787 1368 938 1421 hunc
973 1369 1205 1440 optimum
1230 1368 1498 1440 ffecflorem
1523 1388 1581 1419 ac
1615 1367 1900 1449 magistrum
1924 1370 2006 1422 di-

270 1440 431 1493 cendi
457 1449 622 1493 vocat.
698 1439 799 1491 Cui
825 1439 1094 1492 sententiae
1117 1439 1391 1511 personam
1417 1439 1482 1490 L.
1514 1438 1669 1492 Craffi
1696 1458 1750 1490 m
1778 1440 2009 1511 disputa-

270 1511 550 1577 'tionibuS,
575 1529 696 1583 quae
722 1510 840 1562 sunt
863 1509 931 1562 de
954 1521 1180 1576 oratore,
1206 1509 1544 1580 adfignandO,
1569 1509 1828 1563 'udicium
1856 1512 2009 1563 suum

239 1591 274 1632 2
295 1599 418 1635 cum
445 1581 588 1635 illius
610 1581 923 1635 auctoritate
948 1581 1245 1634 con'unxit.
1319 1529 1668 1634 Scribendlum
1696 1599 1825 1654 ergo
1849 1600 2013 1654 quam

267 1653 388 1708 ¹<lili
433 1654 709 1718 entiffime,
735 1664 788 1705 et
809 1670 974 1724 quam
1000 1602 1310 1723 pl-Jurimum.
1383 1653 1528 1705 Nam
1571 1669 1654 1705 UT
1687 1662 1824 1705 terra
1849 1653 2013 1706 altius

267 1742 272 1751 ·
438 1743 470 1777 a
499 1723 818 1796 generandis
854 1723 1157 1795 alendisque
1188 1722 1474 1776 seminibus
1502 1721 1780 1776 fecundior
1804 1725 1904 1777 est:
1943 1725 2012 1776 fic

295 1795 566 1868 profectus
601 1813 708 1848 non
746 1814 778 1848 a
817 1795 1026 1848 summo
1066 1794 1285 1866 petitae,
1327 1794 1615 1848 studiorum
1663 1793 1868 1848 fructus
1914 1805 2013 1848 et‘i

232 1909 239 1915 .
293 1866 476 1920 fundi-t
507 1867 740 1931 uberiuS,
766 1877 822 1919 et
845 1865 1052 1918 fidelius
1087 1865 1345 1918 continet.
1419 1867 1586 1930 Nam,
1611 1865 1716 1918 fine
1751 1865 1851 1924 hac
1924 1866 2011 1919 ui-

294 1937 420 1991 dem
463 1938 781 1991 conscientia
802 1947 840 2002 ²,
880 1937 989 2007 ipsa
1025 1936 1115 1990 illa
1149 1953 1220 1989 ex
1257 1945 1496 2008 tempore
1535 1935 1747 1989 dicendi
1788 1937 1907 1990 sacu
1932 1950 2012 1990 tas

294 2007 511 2064 inanem
534 2008 696 2061 modo
727 2008 781 2061 lo
821 2009 1104 2060 uacitatem
1130 2006 1299 2072 dabit,
1327 2019 1383 2060 et
1414 2008 1572 2060 verba
1606 2007 1661 2060 in
1699 2007 1858 2060 labris
1895 2008 2011 2061 nas-

241 2081 491 2147 3centia.
566 2079 685 2133 Illic
723 2028 949 2145 radiceS,
992 2079 1103 2132 illic
1139 2077 1489 2131 fundamenta
1529 2079 1685 2131 sunt:
1741 2079 1853 2132 illic
1887 2098 1920 2132 o
1960 2097 2018 2132 es

297 2152 446 2205 velut
467 2151 719 2205 sanctiore
748 2149 980 2222 quodam
1006 2150 1221 2214 aerar-io‘
1257 2149 1562 2214 reconditae,
1588 2149 1731 2202 unde
1768 2150 1834 2202 ad
1869 2151 1928 2203 su
1968 2151 2014 2202 i-

289 2229 384 2276 ’ωε
407 2241 620 2295 quoque
656 2221 821 2286 cnsuS,
847 2239 971 2274 cum
992 2239 1076 2274 res
1110 2219 1309 2292 exiget,
1369 2219 1682 2273 roferantur.
1755 2221 1910 2274 Vires
1933 2221 2014 2273 fa-

297 2293 503 2349 ciamus
526 2306 649 2348 ante
681 2293 879 2359 omnia,
904 2311 1026 2365 quae
1059 2291 1315 2345 sufficiant
1359 2290 1504 2345 abori
1526 2291 1876 2345 certaminum
1896 2299 1934 2360 ²,
1960 2302 2016 2346 et

354 2459 367 2488 ¹
392 2462 451 2503 Sic
464 2463 516 2503 G.
534 2469 763 2514 quantaque
781 2459 833 2499 al.
940 2459 952 2486 ¹
982 2467 1118 2502 tamen
1136 2461 1242 2500 Jens.
1349 2467 1381 2490 m
1409 2459 1642 2513 praevid.1'd.
1763 2470 1784 2500 η
1812 2460 1854 2500 su
1885 2460 2018 2502 ersunt

300 2517 356 2556 G.
374 2517 479 2558 dens.
601 2519 624 2540 0
651 2515 889 2566 contigerint
904 2514 1011 2555 Jens.
1128 2522 1156 2549 Ῥ
1181 2517 1238 2554 At
1255 2514 1306 2554 G.
1324 2514 1429 2554 Jens.
1562 2523 1584 2554 q
1610 2513 1675 2553 Sic
1694 2513 1750 2554 G,
1766 2515 1825 2552 Ba
1857 2516 2017 2555 ,effun-

302 2572 364 2612 dit
378 2571 432 2613 al.
537 2579 557 2604 ¹·
583 2571 677 2613 Vid.
692 2570 1017 2624 agmonstantia.
1126 2575 1142 2595 ⁸
1171 2569 1337 2611 sacrario
1355 2569 1460 2609 Jens.
1570 2570 1584 2593 ‘
1613 2569 1855 2611 certantium
1874 2569 1926 2610 G.

363 2735 456 2788 111,
490 2749 532 2780 1.
577 2735 644 2780 Μ.
674 2732 859 2788 Tullius]
899 2734 965 2777 De
989 2735 1114 2777 Orat.
1194 2733 1387 2778 dubitem
1405 2733 1465 2777 ita
1482 2733 1813 2793 Qinflilianum
1830 2731 1995 2777 dediss'e.

307 2809 351 2847 ι,
374 2809 444 2848 33.
1261 2807 1302 2846 3.
1331 2791 1509 2847 aerario]
1545 2793 1641 2836 Non
1672 2791 1913 2849 displicebat
1945 2793 2013 2836 hic

287 2847 295 2853 ’
362 2867 410 2894 2.
435 2848 526 2906 fine
561 2847 641 2892 hac
671 2849 829 2908 quidem
859 2849 1117 2909 conscientia]
1183 2849 1442 2908 fiurarium,
1479 2849 1592 2909 quod
1633 2849 1799 2907 praefert
1837 2849 2018 2904 Jensonii

304 2906 1119 2968 ExplicantquidemstigeliusetLand-
1199 2907 1341 2958 editio,
1377 2922 1472 2951 cum
1505 2917 1650 2951 notum
1686 2907 1732 2950 fit
1771 2909 1814 2950 in
1852 2908 2016 2967 templis

304 2966 470 3012 fidelius
500 2965 615 3009 hunc
654 2965 790 3010 locum
831 2967 907 3018 ita,
938 2965 1015 3021 mfi
1042 2965 1123 3009 *ibi
1200 2979 1424 3022 eorumque
1448 2966 1716 3016 ὄπισθεθὸμοις,
1734 2964 1926 3023 repositos
1950 2965 2019 3010 fu-

305 3025 476 3085 confiius
493 3022 553 3079 fis
581 3023 745 3076 laboris.
790 3025 865 3068 Sed
892 3039 975 3066 non
1001 3024 1122 3067 video
1202 3021 1268 3065 iss‘e
1297 3023 1504 3067 thesauros
1544 3023 1734 3082 publicos
1767 3037 1849 3066 non
1881 3026 2018 3068 minus

307 3083 514 3149 equidem,
540 3083 643 3139 quid
670 3082 725 3125 ad
752 3096 842 3126 rem
873 3081 1003 3125 faciat
1032 3096 1123 3125 con·
1178 3094 1328 3138 ,quam
1349 3082 1548 3140 privatos.
1597 3081 1673 3124 Sed
1701 3081 1902 3135 adjectum
1931 3084 2020 3141 epi-

297 3141 473 3200 fetentia
488 3160 502 3185 .-
534 3140 635 3198 quin
652 3141 899 3195 δοκησισοφίαν
915 3149 957 3182 et
976 3139 1123 3198 loqua—
1202 3140 1346 3182 theton
1369 3138 1573 3198 sandius,
1604 3140 1750 3182 serario
1779 3139 1889 3195 quali
1922 3155 2018 3198 pro-

310 3199 478 3242 citatem
504 3211 652 3253 <parere
688 3198 815 3256 potest
853 3197 925 3241 ina
971 3197 1124 3241 laboris
1204 3197 1358 3254 prium,
1401 3195 1566 3241 aer-mio
1591 3199 1665 3240 vix
1683 3196 1761 3240 fine
1785 3200 2021 3249 ταυτολογίας

311 3257 556 3300 conscientia
573 3265 613 3298 et
633 3255 849 3314 cogitatio.
893 3255 1127 3314 Constantia
1205 3255 1310 3298 vitio
1328 3270 1352 3296 a
1381 3255 1426 3297 di
1444 3254 1584 3314 potest.
1635 3256 1787 3313 Itaque
1802 3255 1908 3298 nihil
1927 3270 2021 3300 mu-

311 3329 416 3372 opus
436 3314 505 3366 est,
525 3323 712 3370 utquam
729 3312 1010 3371 diligenttfflme
1026 3312 1123 3356 scri-
1203 3313 1394 3356 tandum.

312 3372 461 3415 bamus
504 3382 545 3415 et
578 3385 702 3429 quam
739 3370 975 3427 plurimum,
1012 3372 1125 3430 quod
1269 3385 1311 3425 3.
1340 3369 1474 3414 labori
1502 3367 1788 3422 certaminum]
1819 3369 1931 3413 Cum
1958 3386 2022 3415 ne-

314 3430 486 3487 postulat
507 3430 680 3473 Fabius.
728 3430 851 3472 Adeo
868 3442 1018 3486 parum
1036 3429 1125 3472 haec
1206 3428 1344 3487 speRu
1372 3429 1424 3471 ad
1453 3428 1565 3471 sacra
1591 3428 1854 3478 Graecorum,
1874 3428 1938 3471 vel
1960 3429 2024 3472 so.

315 3488 462 3531 distant
484 3488 527 3531 in
555 3487 726 3545 antiqua
754 3487 967 3545 scriptura,
987 3495 1035 3533 ut
1058 3487 1126 3531 vix
1209 3484 1344 3531 lemnia
1367 3486 1668 3537 Romanorum,
1687 3494 1728 3528 et
1757 3484 1842 3543 ipsa
1860 3500 2024 3545 quoque
