2320 4030
333 268 395 317 80
738 264 814 317 Μ’.
850 265 1055 346 FABII
1091 265 1671 317 QUINCTILIANI'

327 397 531 475 rumque
561 399 1018 481 conformationibus
1053 401 1350 456 illuminent.
1422 402 1621 461 Eadem
1657 402 1779 457 sunt
1811 401 1871 456 in
1904 404 2047 471 Ora-

307 484 444 545 -toro
467 474 713 544 plurima,
742 492 848 526 non
876 474 1054 527 omnia
1077 485 1276 540 tamen,
1300 484 1355 526 et
1377 474 1559 544 paullo
1582 472 1754 545 magis
1777 473 2056 528 distinfihaz.
2096 503 2098 506 >

369 544 457 596 uia
479 547 587 616 post
614 543 864 598 orationis
889 557 946 598 et
966 544 1344 598 sententiarum
1370 545 1566 617 figuras
1601 545 1819 598 tertium
1855 564 2046 616 quem-

325 563 449 667 ἕδη]
494 615 716 687 subjecit
754 616 954 680 locum,
979 615 1047 668 ad
1086 615 1215 668 alias
1261 619 1346 686 (ut
1367 615 1484 687 :ipse
1517 615 1613 681 ait)
1651 616 1790 688 quafi
1825 616 2048 686 virtutes

308 684 539 739 sdicendi
580 686 952 759 pertinentem.
1025 687 1102 739 Et
1141 685 1354 759 reliqua,
1393 697 1492 742 ‘lex
1527 686 1834 739 collocatione
1863 687 2045 743 verbo·
2066 699 2136 756 37

328 775 442 809 rum
473 778 588 829 quae
611 759 882 830 sumuntur
912 757 1052 829 quast
1059 757 1789 830 'lumina,'maguum.ffrunt
1821 762 2050 812 ornatum

325 828 558 882 orationi.
635 829 762 881 Sunt
785 829 912 881 enim
917 828 1115 910 similia
1137 827 1260 894 illis,
1286 848 1400 902 quae
1423 829 1476 882 in
1499 827 1660 900 amplo
1686 839 1866 881 ornatu
1877 831 2062 900 scenae

326 909 417 951 aut
436 898 552 967 sori
576 899 896 972 appellantur
921 898 1162 972 lnfignia,
1187 911 1282 952 no'u
1306 901 1438 971 quod
1457 899 1572 971 sola
1596 909 1798 963 ornent,
1797 901 1900 971 sed
1921 901 2056 971 quod

326 968 590 1022 excellant.
664 970 862 1023 Eadem
894 970 1022 1023 ratio
1060 969 1123 1042 est
1152 971 1346 1035 horum,
1371 990 1485 1042 quae
1503 971 1644 1042 sunt.
1667 970 1919 1023 orationis
1960 970 2044 1025 lu·
2067 968 2138 1039 38

324 1040 494 1106 mina,·
535 1051 581 1093 et
619 1041 966 1112 quodammodo
1001 1041 1261 1113 infignia:
1324 1061 1435 1111 cum
1471 1050 1558 1093 aut
1579 1040 2047 1112 'duplicantur-,ite-

324 1121 602 1184 ranturque
625 1113 921 1178 verba,·aut
957 1112 1185 1172 breviter,
1206 1116 1500 1166 commutata
1532 1122 1782 1185 ponuntur
1802 1133 1822 1163 .·
1859 1113 2050 1182 aut-bb

325 1183 486 1235 eodem
523 1184 672 1236 verbo
713 1184 914 1237 ducitur
934 1184 1128 1307 scjpius
1169 1184 1344 1250 oratio,
1380 1193 1472 1236 aut
1513 1183 1568 1235 in
1606 1183 1735 1235 idem
1755 1184 1759 1187 ”
1777 1183 2048 1255 conjicitur,

324 1263 450 1308 autr
485 1265 747 1327 utrumque
768 1277 784 1308 .·
825 1267 913 1308 aut
946 1275 981 1306 a
1002 1255 1247 1328 jungitur
1270 1256 1398 1308 idem
1429 1255 1680 1322 iteratum,
1704 1265 1794 1307 aut
1829 1256 1956 1310 idem
1979 1257 2054 1310 ad

324 1335 588 1378 extremum
613 1326 826 1399 refertur
847 1347 863 1378 .·
903 1337 996 1380 aut
1019 1327 1315 1380 continenter
1335 1347 1488 1379 unum
1510 1325 1718 1383 verbum
1741 1342 1840 1379 non
1871 1326 1927 1379 in
1961 1346 2047 1379 ea—

324 1396 434 1448 dem
456 1397 710 1466 sententia
741 1398 975 1471 ponitur:
1015 1408 1104 1450 aut
1127 1417 1232 1451 cum
1252 1397 1490 1468 similiter
1523 1396 1610 1450 ve'l
1643 1397 1828 1453 cadunt
1867 1396 2046 1471 verba,

324 1467 413 1519 vel
435 1467 656 1538 desinunt
677 1490 694 1520 .·
734 1481 823 1521 aut
839 1479 853 1500 ⁵
893 1468 1060 1522 multis
1084 1469 1236 1522 modis
1273 1468 1532 1521 contrariis
1566 1467 1730 1520 relata
1754 1468 2004 1530 contraria
2027 1490 2046 1522 .-
2066 1482 2138 1540 39

305 1535 418 1589 -aut
443 1559 550 1591 cum
584 1541 844 1611 gradatim
864 1541 1066 1612 sursum
1091 1542 1263 1612 versus
1302 1540 1493 1592 reditur
1518 1561 1534 1592 .-
1573 1549 1662 1592 aut
1698 1559 1804 1594 cum
1838 1539 2045 1608 ,demtist

322 1610 736 1682 conjunctionibus
780 1611 1000 1682 diffialute
1039 1610 1195 1683 plura
1242 1611 1512 1664 dicuntur:
1571 1621 1681 1665 aut:
1707 1617 1814 1665 cum
1842 1609 2056 1683 ¹aliquid
2144 1616 2156 1622 ”

308 1718 310 1721 -
314 1691 689 1752 praetereuntes,
720 1701 807 1734 cur
845 1683 903 1734 id
917 1681 1179 1752 faciamus
1220 1681 1501 1753 ostendimus
1520 1704 1537 1734 .-
1576 1688 1677 1736 aut⁴
1705 1702 1814 1738 cum
1839 1681 2051 1752 corrigi-

299 1770 432 1804 ·mus
455 1754 633 1824 nosmet
657 1754 798 1825 ipsb5‚
824 1754 965 1834 quasi
986 1754 1384 1826 reprehendentes
1405 1775 1422 1805 .·
1462 1764 1554 1806 aut
1574 1754 1629 1826 si
1662 1752 1726 1824 est
1760 1751 1936 1825 aliqua
1959 1772 2048 1807 ex-

324 1821 552 1876 clamatio
577 1823 664 1876 vel
698 1825 1042 1878 admirationis
1073 1823 1161 1878 vel
1193 1824 1612 1896 conquestionisu'·.·
1651 1834 1742 1878 aut
1776 1844 1886 1881 cum
1920 1824 2047 1897 aefjus-

322 1893 432 1946 dem
455 1894 659 1947 nominis
694 1897 833 1966 casus
853 1895 1047 1968 saepius
1079 1907 1452 1950 commutantur.
1525 1907 1548 1929 v
1566 1896 1930 1953 Sententiarum
1942 1903 1954 1945 Ἀ
1966 1915 2046 1949 or-
2067 1912 2141 1967 40

321 1975 556 2018 namenta
590 1968 782 2038 majora
799 1969 928 2038 sunt
945 1989 962 2019 .·
1001 1967 1179 2039 quibus
1210 1967 1329 2039 quia
1346 1966 1743 2040 frequentg'fflme
1764 1965 2048 2038 Demosthe-

321 2056 408 2087 ues
447 2038 625 2102 utitur,
647 2039 775 2108 sunt
813 2039 898 2112 qui
917 2049 1108 2111 putent,
1133 2039 1308 2091 idcirco
1333 2039 1437 2110 ejus
1471 2037 1803 2111 ”eloquentiam
1838 2037 2052 2094 maxime

321 2107 414 2177 ff
440 2106 776 2170 laudabilem.
853 2110 1166 2163 Enimverox
1209 2108 1377 2162 nullus
1410 2110 1531 2180 jere
1580 2109 1646 2162 ab
1686 2130 1737 2163 eo
1775 2109 1915 2167 locus,
1933 2109 2052 2180 stne

323 2179 542 2250 quadam
567 2180 942 2251 cory‘brmatione
965 2191 988 2222 Y
1008 2182 1276 2252 sententiae
1302 2182 1482 2235 dicitur
1498 2190 1560 2233 ²..·
1598 2201 1683 2233 nec
1718 2179 1867 2234 aliud
1897 2181 2048 2254 quid-

308 2269 476 2331 quam
520 2250 584 2321 est
619 2253 796 2317 dicere,
821 2252 918 2323 nisi
949 2271 1106 2305 omnes
1145 2264 1236 2305 aut
1269 2262 1393 2305 certe
1413 2253 1670 2326 plerasque
1693 2251 1865 2324 aliqua
1882 2252 2051 2327 specie

322 2319 610 2373 zlluminare
627 2323 926 2394 sententias.
1003 2324 1139 2376 Quas
1177 2344 1282 2377 cum
1327 2335 1382 2376 tu
1419 2322 1612 2396 optime,
1649 2323 1828 2388 Brute,
1865 2331 2047 2392 teneas,
2067 2340 2135 2395 41

325 2392 452 2464 quid
483 2394 661 2446 attinet
694 2394 967 2447 nominibus
991 2394 1085 2459 uti,
1114 2405 1204 2447 aut
1228 2394 1455 2468 exemplis
1477 2397 1508 2447 ,9
1547 2395 1876 2447 tantummodo
1907 2393 2048 2448 note'-

311 2474 411 2519 ⁴tur
449 2462 598 2517 locus.
675 2465 757 2518 Sic
792 2465 953 2537 igitur
990 2465 1118 2519 dicet
1158 2466 1262 2531 ille,
1301 2487 1442 2539 quem
1477 2465 1760 2539 expetimus,
1798 2467 2051 2589 ut'velrset

309 2535 453 2606 saepe
479 2536 646 2588 multis
670 2535 825 2591 modis
849 2538 1064 2589 eamdem
1083 2547 1101 2568 ³
1121 2547 1167 2589 et
1189 2558 1342 2590 unam
1366 2557 1486 2604 rem,
1513 2549 1559 2591 et
1583 2538 1773 2589 haereat
1795 2536 1860 2589 'in
1884 2550 1944 2597 e'a„
1977 2558 2050 2606 em

325 2618 725 2677 commoreturque
747 2608 1022 2678 sententia.
1098 2609 1243 2681 Saepe
1273 2609 1420 2660 etiam
1457 2619 1515 2662 ut
1556 2618 1779 2662 extenuet
1814 2606 2014 2679 aliquid
2028 2630 2045 2661 .·
2065 2626 2139 2681 42

306 2677 452 2748 saepe
475 2689 532 2729 ut
558 2678 801 2731 irrideat:
838 2688 895 2731 ut
920 2677 1128 2731 declinet
1153 2700 1186 2731 a
1213 2680 1472 2753 propcfito,
1501 2679 2048 2751 deflectatque-finten-

325 2747 448 2801 tiam
471 2770 488 2801 .·
541 2759 600 2800 ut
631 2760 891 2821 proponat,
934 2750 1058 2821 quid
1094 2751 1316 2804 dibturus
1336 2751 1414 2821 stt
1432 2773 1449 2804 .·
1491 2763 1567 2816 ut,
1609 2771 1715 2802 cum
1759 2751 2052 2822 transegerit

307 2819 428 2890 jam
469 2819 685 2893 aliquid,
724 2819 968 2892 definiat.-
1004 2832 1062 2875 ut
1077 2823 1140 2894 se
1182 2822 1277 2894 ipse
1313 2832 1501 2876 revocet
1521 2844 1536 2875 .-
1575 2831 1650 2888 ut,
1689 2822 1819 2895 quod
1856 2821 1986 2876 dixit
2005 2823 2048 2890 b,

378 2996 398 3024 ‘1
431 3004 522 3043 quae
541 3006 594 3033 ex
613 2993 827 3034 conatione
845 2996 953 3034 verb.
973 2995 1187 3035 sumuntur
1205 2994 1255 3034 G.
1276 2996 1381 3035 Jens.
1505 3008 1523 3038 r.
1550 2996 1617 3035 Sic
1633 2996 1755 3035 MSS.
1772 2995 1874 3036 Alm.
1895 3004 1931 3035 et
1951 2995 2047 3059 Vqffi

326 3057 344 3085 1
368 3056 403 3086 et
424 3060 461 3086 2.
490 3049 533 3086 in
553 3049 620 3100 ins.
640 3047 693 3088 al.
872 3055 888 3078 ⁵
914 3057 984 3088 aut
1002 3061 1097 3088 cum
1120 3059 1247 3088 contr.
1270 3050 1322 3088 G.
1487 3065 1499 3085 t
1529 3050 1706 3102 decaptis
1726 3051 1777 3090 G.
1799 3065 1844 3088 ex
1860 3051 2048 3101 dempt155

323 3103 346 3125 '¹
379 3102 593 3151 questionis
613 3102 663 3140 G.
843 3111 866 3134 v
894 3103 972 3142 Sed
991 3103 1059 3155 inst
1082 3103 1195 3142 Grut.
1386 3107 1406 3128 x
1439 3103 1489 3142 Et
1506 3116 1595 3142 vere
1613 3104 1718 3143 Jens.
1748 3104 1796 3143 Et
1811 3116 1909 3144 vero
1929 3104 2046 3144 Grut.

320 3158 346 3193 Υ
375 3155 436 3194 Sic
451 3155 558 3194 Jen's.
578 3156 621 3194 it.
645 3155 760 3195 Grut.
788 3156 973 3195 confirm.
981 3156 1157 3208 sphalma
1175 3156 1340 3197 videtur.
1458 3165 1481 3185 2
1507 3158 1676 3197 edicitur
1695 3158 1810 3197 Grut.
1932 3164 1950 3183 ⁸
1981 3170 2048 3197 ea-

274 3260 280 3267 ·
322 3211 415 3249 dem
421 3218 477 3300 det
494 3210 537 3248 in
556 3221 639 3249 una
659 3221 698 3250 re
716 3211 879 3259 haereat,
901 3211 944 3251 in
962 3211 1183 3263 eademque
1202 3218 1475 3252 commoretur
1494 3211 1591 3251 sent.
1612 3213 1663 3252 G.
1681 3213 1788 3253 Jens.
1886 3210 1904 3236 δ
1936 3211 2048 3254 dixe·

320 3266 372 3304 rit
390 3264 420 3301 ii
448 3291 458 3302 .

383 3401 449 3452 36.
484 3397 525 3440 in
564 3397 764 3451 Oratore]
808 3398 862 3440 C.
898 3413 968 3453 39.
1002 3399 1063 3457 sq.
1099 3400 1144 3443 in
1290 3404 1359 3453 38.
1407 3399 1598 3443 breviter
1628 3401 1894 3455 commutata]
1941 3399 2045 3443 Bre-

319 3471 406 3514 quo
435 3457 733 3499 Gruterianam
755 3455 984 3507 lemanem,
1006 3457 1034 3499 fi
1061 3473 1145 3515 qua
1224 3457 1395 3501 viterne
1423 3458 1531 3501 idem
1562 3458 1614 3500 est
1645 3460 1756 3515 quod
1786 3460 1897 3501 brevi
1921 3459 2044 3501 inter-

321 3530 346 3557 a
365 3514 495 3558 nostra
514 3514 702 3565 discedit,
724 3513 842 3571 supra
861 3523 1071 3558 notamus.
1226 3516 1335 3559 vallo
1352 3523 1366 3559 ?
1398 3531 1450 3559 an
1471 3515 1688 3574 legendum
1708 3515 1862 3560 leviter
1874 3515 1903 3558 ‚9
