2320 4030
573 342 857 393 1NST1T.
891 341 1229 392 ORATOR.
1263 341 1400 392 Lm.
1435 324 1524 392 rx.
1564 359 1613 394 2.
1882 339 1952 410 99

223 479 407 543 velle?
456 480 717 534 Fortaffe:
766 479 1055 534 diffimulet
1094 496 1246 551 ergo,
1286 487 1350 532 ut
1389 478 1601 532 efficiat.
1679 477 1779 532 Sed
1814 479 1953 533 nobis

229 551 700 621 (declamatoribus
743 551 888 620 dico)
943 550 1070 623 quid
1109 551 1331 622 proderit
1377 550 1462 603 hoc
1506 548 1810 622 intellexiste,
1859 551 1956 622 nfi

223 624 540 677 dixerimus?
567 626 729 704 ‚Ergo
759 623 793 675 fi
821 638 941 675 vere
965 631 1232 704 ageretur,
1259 620 1496 674 fimiliter
1518 620 1792 675 confilium
1817 620 1954 676 illud

222 694 395 749 latens
419 694 822 767 prodidissemus
844 695 862 745 ?
905 692 1056 748 Quid
1080 691 1114 745 fi
1153 710 1330 765 neque
1352 691 1540 763 utique
1566 709 1748 746 verum
1775 694 1866 758 est,
1893 704 1952 747 et

223 765 423 820 habere
459 765 586 819 alias
629 765 719 818 hic
759 764 1040 817 damnatus
1082 763 1484 818 contradicendi
1525 762 1720 817 caussas
1761 764 1949 835 potest,

224 837 311 891 vel
333 836 479 908 quod
501 836 682 909 legem
706 834 1116 889 conservandam
1139 845 1312 908 putet,
1337 834 1421 888 vel
1446 832 1592 906 quod
1616 835 1755 888 nolit
1785 853 1949 891 aceu-

221 907 377 962 fiatori
400 908 598 962 debere
620 906 965 973 beneficium,
989 906 1076 960 vel
1106 906 1270 979 (quod
1295 914 1401 979 ego
1425 906 1658 960 maxime
1680 906 1953 980 sequerer)

134 969 209 1036 84
225 983 288 1033 ut
310 979 362 1033 sc
384 979 727 1033 innocentem
751 978 808 1032 in
832 977 1114 1032 tormentis
1138 977 1239 1032 effe
1330 977 1539 1031 rtendat
1562 979 1586 1010 ¹²
1610 979 1628 1031 ?
1677 978 1859 1032 Quare
1883 992 1952 1031 ne

222 1049 362 1104 illud
400 1050 619 1122 quidem
664 1050 870 1122 semper
903 1049 1202 1104 succurret¹
1242 995 1326 1103 sice
1349 1048 1676 1117 dicentibuS,
1719 1049 1964 1104 Patroci⁸>

174 1183 179 1188 ¹
222 1122 362 1175 nium
407 1124 493 1176 boc
530 1122 712 1188 voluit,
749 1122 834 1194 qui
875 1120 1250 1192 controversiam
1275 1119 1463 1192 finxit.
1538 1120 1763 1175 Fortasse
1805 1120 1954 1175 enim

224 1192 437 1247 noluit:
476 1192 562 1247 fed
587 1194 715 1258 estn,
743 1192 968 1246 voluerit
985 1203 1017 1226 ¹¹²
1045 1212 1059 1246 ε
1100 1191 1451 1258 continuone,-
1474 1192 1510 1244 fi
1546 1191 1639 1245 ille
1675 1192 1829 1246 stulte
1852 1212 1950 1247 co-

225 1264 438 1335 gitavit,
485 1265 642 1317 nobis
679 1282 898 1344 quoque
942 1262 1096 1317 stulte
1131 1262 1423 1317 dicendum
1465 1263 1573 1316 est?
1631 1263 1711 1317 At
1751 1283 1781 1316 e
1822 1283 1858 1318 o
1893 1265 1954 1319 in

228 1336 412 1389 caustis
434 1354 467 1389 a
506 1336 655 1389 endis
678 1338 985 1406 frequenter
1006 1352 1116 1388 non
1139 1343 1273 1407 puto
1302 1334 1645 1401 intuendum,
1671 1335 1764 1407 qui
1838 1335 1955 1389 liti-

138 1397 204 1466 85
226 1408 383 1479 gator
407 1425 468 1461 ve
492 1407 555 1460 it.
627 1408 716 1460 Est
741 1417 810 1459 -et
843 1406 937 1460 ille
970 1406 1026 1460 in
1061 1405 1169 1460 hoc
1199 1424 1398 1479 genere
1428 1405 1678 1477 frequens
1705 1424 1863 1479 error,
1891 1417 1958 1461 ut

223 1488 420 1561 putent
451 1478 596 1532 aliud
620 1477 873 1550 quosdam
909 1476 1106 1543 dicere,
1129 1477 1278 1531 aliud
1311 1477 1482 1531 velle:
1522 1478 1791 1552 praecipue
1829 1488 1957 1532 cum‘

223 1567 288 1602 m
307 1548 546 1604 themate
569 1550 660 1616 est,
687 1549 940 1622 aliquem,
966 1559 1029 1603 ut
1065 1548 1162 1602 fibi
1187 1548 1324 1602 mori
1358 1549 1538 1615 liceat,
1563 1549 1852 1618 postulare:
1891 1561 1956 1604 ut

225 1620 281 1673 in
327 1621 420 1691 illa
459 1621 827 1686 controversia,
862 1620 958 1674 Qui
997 1620 1271 1693 aliquando
1290 1619 1503 1693 sbrt'z'ter
1526 1620 1748 1692 fecerat,
1775 1632 1822 1674 et
1853 1622 1962 1675 τιῖιόἱ

223 1689 351 1746 bello
377 1693 606 1764 petierat,
630 1692 893 1744 utmilitia
917 1702 1126 1745 vacaret
1160 1712 1221 1745 ex
1255 1691 1381 1768 lege,
1409 1693 1541 1764 quod
1571 1692 1955 1765 quinquagena·-

223 1764 332 1818 riu's
352 1764 483 1835 efffet,
510 1766 810 1837 adverfimte
824 1763 949 1837 filio
973 1764 1046 1816 ire
1069 1764 1123 1816 in
1146 1763 1300 1816 aciem
1322 1771 1533 1830 coaetus,
1560 1764 1786 1836 deseruit.
1863 1764 1957 1822 Fid

226 1834 346 1902 lius,
372 1836 462 1907 qui
476 1836 691 1908 sortiter
713 1837 873 1888 eodem
884 1834 1066 1908 praelio
1082 1834 1304 1907 fecerat,
1331 1835 1712 1888 incolumitatem
1737 1837 1840 1910 ejus
1864 1839 1954 1909 op·-

160 1954 164 1956 ,
228 1917 305 1963 tat
325 1928 342 1960 .·
380 1908 673 1960 contradicit
699 1917 866 1980 pater.
939 1905 1056 1959 Non
1090 1907 1236 1971 enim,
1258 1906 1531 1979 inquiunt,
1556 1908 1677 1960 mori
1699 1907 1833 1975 vult,
1854 1907 1964 1982 sed

138 1971 208 2024 86
228 1979 478 2032 invidiam
483 1979 604 2052 filio
611 1979 809 2051 facere.
884 1977 1152 2051 Equidem
1179 1977 1353 2045 ride0,·
1371 1978 1520 2050 quod
1541 1978 1620 2035 illi
1646 1978 1714 2031 fic
1738 1979 1961 2046 timent,

226 2050 503 2133 tamquam
531 2050 619 2122 ipsa
647 2049 912 2117 morituri,
937 2049 1071 2105 etin
1092 2049 1368 2104 confilium
1394 2050 1515 2103 suos
1548 2059 1727 2104 metus
1757 2050 1962 2118 ferunt,

227 2121 386 2175 oblin
408 2133 493 2176 tot
515 2122 883 2194 exemplorum
915 2121 1057 2176 circa
1091 2121 1442 2178 voluntariam
1480 2132 1732 2188 mortem,
1755 2121 1957 2176 caussa-

228 2212 349 2248 rum
390 2212 625 2267 quoque,
651 2212 785 2266 quas
821 2194 1024 2247 habet¹¹
1066 2191 1239 2248 factus
1282 2212 1348 2246 ex
1385 2193 1500 2246 viro
1538 2192 1664 2247 forti
1708 2193 1956 2249 desertor.

140 2257 205 2328 87
230 2265 337 2320 Sed
367 2265 474 2320 de⁰
511 2283 620 2319 una
658 2265 1006 2320 controversia
1031 2263 1227 2337 loqui?
1258 2263 1315 2317 su
1353 2282 1637 2319 ervacuum
1670 2265 1760 2320 est.
1833 2267 1958 2338 Ego

227 2337 285 2391 in
312 2337 609 2391 universum
635 2355 812 2409 neque
846 2335 1071 2390 oratoris
1104 2345 1238 2409 puto
1273 2354 1305 2389 e
1342 2336 1373 2388 ‘e
1409 2355 1668 2409 umquam
1704 2338 1956 2408 praevari-

227 2408 353 2476 cari,
381 2427 555 2481 neque
577 2408 732 2462 litem
768 2408 1035 2482 intelligo,
1059 2407 1116 2461 in
1146 2425 1254 2481 qua
1275 2425 1393 2481 pars
1430 2419 1656 2481 utraque
1691 2407 1837 2461 idem
1863 2426 1954 2463 ve-

1597 2579 1610 2611 ¹
1647 2585 1887 2626 succurreret
1907 2584 1958 2625 G.

1501 2643 1522 2666 ⁰
1553 2653 1622 2679 om.
1642 2639 1696 2680 id.
1857 2645 1878 2673 P
1903 2639 1961 2679 se-

246 2551 258 2634 i
280 2583 304 2623 k
331 2584 399 2625 Sic
420 2584 526 2625 Jens.
546 2592 582 2623 et
598 2582 728 2637 optimi
745 2582 881 2638 quique
899 2590 963 2635 ap.
981 2583 1078 2623 Bur.
1097 2584 1319 2634 praetendat
1337 2584 1407 2626 rel.

228 2640 467 2745 {bingii-uerit
480 2639 588 2682 Jens.
722 2644 742 2663 ¹¹
773 2637 927 2679 habent
940 2639 963 2678 J
966 2636 1047 2678 ens.
1052 2638 1161 2692 firte
1179 2637 1342 2681 habeat.

290 2846 365 2896 83.
403 2841 646 2900 pertendat]
692 2841 834 2884 Verbo
862 2839 1053 2899 paullum

230 2902 394 2953 rariori,
410 2901 474 2944 sed
503 2900 675 2960 optimae
703 2909 842 2944 tamen
873 2910 983 2943 notae
1010 2910 1052 2942 et

230 2959 282 3001 ad
312 2959 422 3005 hunc
449 2958 589 3002 locum
617 2957 836 3015 aptiffimo,
858 2957 1054 3015 praetule·

231 3027 328 3060 runt
359 3018 532 3075 quidam
561 3018 703 3059 notius
723 3015 813 3065 fibi,
831 3026 871 3057 et
899 3016 1053 3058 barba-

230 3089 374 3119 rorum
405 3075 481 3119 usu
514 3073 838 3132 frequentatum,
871 3073 936 3116 sed
970 3072 1052 3117 mi-

230 3134 344 3176 nime
385 3133 468 3176 huc
515 3133 775 3176 conveniens.
837 3131 1053 3174 Nimirum

224 3192 484 3251 praetendere
515 3191 624 3234 idem
658 3190 711 3233 est
745 3190 933 3232 barbaris
955 3191 1052 3244 (ab-

233 3250 304 3292 esse
333 3249 622 3293 contumeliam
642 3248 740 3291 huic
771 3249 899 3291 verbo
918 3257 959 3290 et
978 3249 1054 3290 no‘-

231 3320 323 3350 tum
342 3307 413 3359 est,
433 3318 475 3351 et
505 3322 584 3365 ego
607 3307 774 3365 quidem
794 3306 910 3360 volo)
970 3306 1054 3349 uod

232 3367 477 3417 adseverare,
507 3380 581 3423 pro
608 3367 700 3420 jure
738 3365 810 3407 suo
834 3365 948 3422 postu
969 3378 1051 3416 are,

231 3423 488 3467 contendere.
540 3423 616 3466 Sed
641 3423 708 3465 hic
728 3436 833 3480 opus
854 3421 908 3465 est
927 3422 1054 3465 verbo

232 3483 544 3531 vehementiore,
574 3481 686 3538 quod
717 3480 1053 3538 perseverantiam

231 3551 271 3582 et
291 3540 592 3583 contentionem
618 3539 668 3581 ad
690 3538 811 3581 finem
836 3537 1054 3580 durantem

230 3608 360 3649 notet,
394 3607 441 3639 ut
474 3597 672 3648 nostrum,
705 3595 794 3652 auf
816 3596 891 3639 der
922 3603 1056 3638 tortur-

1132 2840 1367 2885 erhaerten.
1409 2841 1561 2885 Rarior
1579 2841 1702 2898 hujus
1723 2842 1838 2886 verbi
1860 2842 1957 2886 usus

1134 2900 1239 2943 illud
1258 2901 1384 2944 etiam
1403 2900 1496 2943 loco
1510 2912 1695 2944 moverat
1714 2902 1821 2945 Ter.
1840 2903 1956 2944 Eun.

1137 2973 1179 3009 1,
1224 2973 1265 3008 1,
1307 2962 1352 3008 6,
1391 2958 1468 3001 ubi
1506 2974 1557 3002 ex
1597 2958 1740 3003 Glossa
1771 2959 1957 3016 perficies

1133 3015 1416 3059 substitutum.
1479 3015 1555 3060 Sed
1594 3018 1699 3062 reete
1745 3032 1767 3060 e
1806 3017 1957 3061 Bembi

1133 3075 1386 3118 membranis
1416 3083 1460 3119 et
1497 3077 1706 3120 veteribus
1744 3089 1957 3133 gramma-

1134 3132 1231 3174 ticis
1263 3132 1441 3191 reposuit
1480 3132 1711 3185 Bentleius,
1746 3134 1894 3179 Verum
1917 3133 1961 3188 st

1132 3190 1314 3247 incipies,
1335 3205 1461 3247 neque
1471 3192 1687 3248 pertendes
1704 3189 1897 3234 naviter.

1196 3252 1249 3290 86
1257 3279 1268 3290 .
1289 3248 1672 3307 catffflzrum—quas
1684 3248 1807 3292 hahet
1818 3249 1957 3308 destr-

1133 3306 1219 3360 tor]
1252 3308 1306 3349 E.
1325 3322 1371 3364 g.
1393 3321 1475 3349 non
1494 3307 1585 3350 vult
1604 3306 1859 3365 supervivere
1878 3322 1957 3365 pu-

1134 3364 1225 3407 dori
1244 3363 1317 3406 suo
1335 3374 1376 3407 et
1405 3365 1672 3423 ignominiam
1705 3364 1798 3408 vult
1827 3364 1956 3410 osten.-

1134 3422 1229 3465 dere
1261 3421 1300 3464 se
1330 3436 1412 3465 non
1444 3433 1619 3465 mortem
1655 3421 1820 3481 fugisse,
1859 3436 1956 3464 cum

1136 3479 1247 3536 signa
1274 3479 1486 3531 desereret,
1515 3480 1578 3523 sed
1609 3483 1784 3539 ingratae
1810 3482 1957 3538 patriae

1136 3551 1302 3596 operam
1322 3552 1470 3582 navare
1493 3537 1674 3588 naluiffi,
1698 3539 1779 3582 &c-

1153 3666 1248 3708 1⁴12
