2320 4030
650 375 929 430 INSTIT.
965 376 1307 428 ORATOR.
1342 378 1481 429 LIB.
1515 374 1632 430 XII.
1672 394 1714 429 1.
1897 392 2012 449 -307

288 529 420 573 rum>
446 515 767 587 optimarum
813 522 957 586 (nam
994 515 1155 568 iidem
1193 515 1354 568 etiam
1394 515 1681 586 prudentes
1718 518 1894 584 erunt)
1926 517 2011 571 in..-

289 582 508 639 ventio:
547 606 667 658 quae
704 588 865 640 etiam
898 589 929 639 fi
968 586 1246 640 lenociniis
1286 587 1534 639 destituta
1575 588 1651 650 fit,
1679 587 1798 639 satis
1831 586 2011 641 tamen

289 669 479 711 natura
514 658 603 711 sua
646 669 893 711 ornatur:
956 674 1075 710 NEC
1127 656 1414 727 quidquam
1466 677 1573 710 non
1613 658 1820 723 diserte,
1862 658 2012 730 quod

195 742 263 798 31
284 726 520 793 honeste,
546 729 760 781 dicitur.
836 729 1035 794 Quare,
1052 726 1326 799 juventuS,
1354 728 1465 780 imo
1501 729 1674 780 omnis
1712 741 1837 781 aetas
1869 732 2010 798 (NE-

199 817 205 822 “
292 813 422 850 Qun
450 800 592 851 enim
631 800 789 853 rmstae
826 799 1084 852 voluntati
1109 798 1275 857 serum
1305 800 1374 851 est
1413 810 1627 870 tempus
1654 798 1852 868 ullum)
1882 798 2012 852 totis

285 870 561 923 mentibus
598 871 706 922 huc
739 870 1040 937 tendamus,
1070 870 1124 922 in
1162 870 1304 922 hocu
1342 869 1710 923 elaboremus:
1752 870 1915 922 forsan
1955 882 2012 924 et

286 940 653 993 consummare
687 942 986 1012 contingat.
1058 942 1199 992 Nam
1241 942 1272 993 fi
1310 954 1495 994 natura
1529 960 1632 992 non
1662 941 1929 1011 prohibet,
1956 952 2012 994 et

285 1009 387 1062 effe
421 1012 596 1064 virum
629 1012 853 1077 bonum,
882 1025 936 1064 et
970 1011 1068 1065 effe
1100 1011 1311 1064 dicendi
1347 1013 1572 1083 peritum
1599 1033 1611 1064 ε
1653 1031 1748 1064 cur
1776 1031 1880 1065 non
1907 1012 2009 1066 ali-

284 1080 406 1151 quis
445 1082 605 1135 etiam
649 1102 788 1136 unus
828 1094 1119 1155 utrumque
1156 1083 1404 1154 consequi
1445 1083 1636 1154 poffit?
1693 1102 1787 1134 cur
1826 1095 2011 1143 autem

190 1169 392 1227 32non
439 1154 490 1205 se
532 1154 753 1225 quisque
789 1153 957 1225 speret
999 1155 1112 1207 fore
1154 1153 1304 1206 illum
1345 1154 1617 1226 aliquem?
1660 1154 1749 1206 Ad
1790 1154 1936 1225 quod
1975 1155 2011 1208 fi

285 1222 420 1276 vires
457 1224 660 1296 ingenii
698 1244 803 1278 non
842 1225 1160 1291 suffecerint,
1184 1237 1364 1292 tamen
1403 1225 1472 1277 ad
1499 1243 1660 1295 quem
1695 1225 1860 1296 usque
1887 1244 2008 1278 mo-

282 1291 413 1346 dum
457 1296 870 1367 procefferimuS,
909 1297 1159 1349 meliores
1205 1297 1402 1349 erimus
1451 1314 1515 1348 ex
1562 1308 1810 1366 utroque.
1885 1298 2012 1350 Hoc

199 1369 202 1372 ’
283 1375 428 1424 certe
452 1366 658 1436 prorsus
683 1376 704 1399 Χ
739 1368 1002 1421 eximatur
1026 1367 1224 1432 animo,
1250 1386 1425 1431 rerum
1452 1366 1862 1437 pulcherrimam
1890 1368 2007 1420 elo-

282 1437 556 1506 quentiam
595 1457 718 1491 cum
762 1438 903 1504 vitiis
940 1438 1134 1491 mentis
1167 1438 1307 1509 posse
1340 1436 1564 1490 misceri.
1642 1437 1882 1490 Facultas
1921 1438 2007 1491 di-

282 1507 519 1572 cendi‚>fi
563 1508 617 1567 in
658 1509 825 1561 malos
863 1510 1072 1575 incidit,
1107 1520 1163 1562 et
1194 1509 1302 1580 ipsa
1328 1507 1623 1580 judicanda
1662 1510 1731 1560 est
1769 1509 2004 1563 malurn:

187 1598 256 1655 33
280 1576 484 1648 pejores
511 1580 654 1633 enim
690 1579 1198 1652 illos'facit„quibus
1232 1580 1501 1651 contingit
1521 1590 1564 1633 Ζ.
1635 1579 1837 1634 Videor
1871 1581 2008 1633 mihi

280 1648 483 1707 a'udire„
502 1651 751 1722 quosdam
794 1657 914 1722 (nec
948 1653 1093 1704 enim
1130 1652 1357 1704 deerunt
1392 1670 1669 1721 umquam,
1697 1652 1789 1722 qui
1829 1651 2037 1705 diserti

279 1718 399 1784 effe,
428 1740 591 1792 quam
618 1723 766 1787 boni,
792 1724 1000 1790 malint)
1034 1719 1125 1775 illa
1150 1724 1388 1776 dicentes
1413 1743 1424 1774 ε
1469 1722 1618 1776 Quid
1642 1741 1772 1793 ergo
1796 1733 2007 1775 tantum

280 1790 353 1842 est
373 1793 501 1844 artis
526 1793 580 1844 in
613 1795 959 1866 eloquentia?
1002 1812 1098 1847 cur
1127 1804 1187 1846 tu
1221 1793 1288 1845 de
1315 1793 1601 1857 coloribuS,
1630 1805 1683 1846 et
1707 1793 2007 1847 difficilium

279 1863 567 1916 caussarum
619 1865 920 1918 defensione
941 1875 979 1930 ²,
1030 1865 1275 1917 nonnihil
1325 1865 1488 1916 etiam
1539 1865 1606 1917 de
1648 1864 1876 1917 confesso
1918 1864 2006 1918 lo-

278 1945 482 2003 quutus
507 1954 583 2000 eS,
611 1937 703 1989 nifi
727 1936 1015 2008 aliquando
1042 1936 1119 1988 vis
1145 1947 1199 1988 et
1236 1935 1456 1988 facultas
1487 1935 1700 1988 dicendi
1738 1949 2009 2007 expugnat

275 2002 443 2075 ipsam
487 2006 804 2061 veritatem?
865 2009 1048 2061 Bonus
1091 2006 1236 2060 enim
1279 2005 1358 2059 vir
1400 2025 1505 2058 non
1546 2007 1662 2078 agit
1705 2007 1793 2058 nifi
1839 2008 2008 2060 bonas

277 2076 502 2130 cauffas:
546 2097 635 2131 eas
674 2097 830 2150 porro
867 2081 1029 2132 etiam
1056 2079 1159 2139 fine
1185 2078 1430 2132 doctrina
1459 2077 1579 2130 satis
1613 2096 1707 2148 per
1743 2078 1792 2129 se
1826 2088 2009 2131 tuetur

187 2165 261 2222 34
281 2147 467 2199 veritas
502 2149 626 2220 ipsa.
702 2151 918 2204 Quibus
958 2169 1082 2222 egO,
1109 2152 1275 2202 cumb
1315 2149 1382 2200 de
1420 2168 1543 2201 meo
1581 2150 1815 2219 primum
1850 2168 2010 2220 opere

275 2217 608 2289 respondere,
638 2221 799 2273 etiam
835 2240 932 2293 pro
963 2221 1093 2274 boni
1127 2220 1225 2273 viri
1249 2220 1446 2285 offici0,
1474 2220 1506 2271 fi
1546 2221 1760 2291 quando
1786 2239 1907 2272 eum
1939 2220 2031 2290 ad-

273 2287 629 2344 defenfionem
667 2293 976 2346 nocentium
1003 2291 1137 2344 ratio
1175 2290 1388 2344 duxerit
1407 2301 1445 2354 Ε,
1472 2290 1803 2344 satisfaciam.
1880 2294 2007 2344 Per-

275 2361 537 2415 traffiared
575 2362 741 2425 enirn,
764 2382 872 2434 quo
899 2364 1060 2416 modo
1087 2373 1180 2415 aut
1202 2373 1221 2394 ⁶
1257 2381 1352 2434 pro
1378 2362 1532 2425 falfis,
1558 2373 1652 2414 aut
1683 2363 1842 2414 etiam
1870 2366 1886 2398 f
1911 2381 2008 2433 pro

165 2494 169 2497 ,
274 2432 476 2503 injustis
503 2433 787 2504 aliquando
813 2435 1038 2496 dicatur,
1066 2452 1173 2486 non
1211 2435 1283 2485 est
1319 2432 1527 2498 inutile,
1555 2432 1635 2484 vel
1662 2452 1756 2504 pro
1797 2444 1875 2485 ter
1900 2434 2008 2487 hoc

156 2504 166 2509 ”
251 2503 466 2569 solum,
493 2515 556 2557 ut
601 2524 661 2558 ea
706 2505 914 2559 facilius
958 2517 1013 2558 et
1050 2504 1529 2576 deprehendamuS,
1568 2515 1623 2556 et
1657 2504 1765 2556 refe
1791 2505 2002 2558 lamus:

274 2575 730 2648 quemadmodum
793 2577 1047 2630 remedia·
1091 2576 1284 2628 melius
1347 2575 1643 2641 adhibebit,
1708 2576 1796 2628 cui
1858 2587 2004 2642 nota,

184 2664 256 2720 35
277 2665 397 2719 quae
434 2659 647 2712 nocent,
692 2647 908 2702 fuerint.
984 2649 1179 2719 Neque
1221 2645 1368 2699 enim
1412 2644 1741 2710 Academici,
1787 2665 1911 2699 cum
1948 2647 2008 2700 in

275 2729 557 2790 utramque
579 2719 833 2772 differunt
854 2729 876 2760 8
910 2732 1133 2791 partem,
1161 2736 1267 2770 non
1298 2716 1587 2770 secundum
1625 2717 1842 2770 alteram
1864 2718 1886 2751 ¹²
1925 2718 2006 2771 vi-

275 2800 442 2842 vunt:
482 2808 655 2861 neque
683 2790 981 2844 Carneades
1008 2790 1115 2856 ille,
1143 2789 1236 2861 qui
1264 2790 1450 2840 Romae
1476 2787 1729 2841 audiente
1755 2789 2008 2844 Censorio

276 2861 483 2920 Catone
509 2880 614 2914 non
642 2862 938 2915 minoribus
962 2862 1167 2915 viribus
1193 2871 1378 2912 contra
1395 2858 1654 2930 justitiam
1678 2859 1875 2912 dicitur
1898 2861 2006 2914 dis-

272 2931 499 2998 seruisse,
523 2950 684 3005 quam
719 2933 890 3005 pridie
924 2951 1024 3006 pro
1049 2930 1255 3006 justitia
1290 2929 1513 2996 dixerat,
1541 2930 1760 3003 injustus
1796 2931 1901 3002 ipse
1927 2932 2038 2991 vir,

241 3128 246 3130 ⁷
330 3118 352 3140 “
383 3100 464 3154 hac
483 3116 535 3155 G.
553 3115 658 3155 Jens.
767 3121 790 3145 Χ
818 3113 958 3168 procul
976 3114 1101 3156 exim.
1120 3116 1350 3155 animorum
1372 3115 1515 3167 pulch.
1530 3115 1600 3155 iid.
1710 3120 1728 3140 ²
1761 3116 1930 3167 contigit
1950 3116 2003 3155 G.

276 3173 295 3194 ⁸
325 3169 616 3210 defensionibus
635 3170 687 3209 G.
826 3178 842 3193 ⁰
874 3182 958 3209 non
979 3171 1030 3209 G.
1168 3177 1183 3195 Ε
1216 3172 1359 3209 dixerit
1378 3170 1429 3208 G.
1593 3170 1609 3194 ‘¹
1643 3168 1880 3209 Protraaare
1897 3171 2007 3212 Jens.
2032 3173 2035 3177 “

277 3226 296 3246 ³
325 3224 450 3266 etiam
465 3225 572 3286 Jens.
681 3221 793 3269 (om.
813 3224 865 3264 G.
883 3225 990 3264 Jens.
1099 3229 1118 3254 ⁸
1149 3224 1337 3266 dixerunt
1353 3224 1460 3266 Jens.
1570 3223 1590 3249 ¹¹
1624 3230 1809 3262 naturam
1831 3225 1883 3263 G.

340 3399 360 3439 3
370 3400 410 3439 5.
443 3386 678 3428 carneades
701 3384 791 3439 ille]
827 3386 934 3429 Rem
956 3386 1097 3445 copio-
1180 3383 1347 3429 Athenis
1364 3385 1578 3444 legatione,
1599 3396 1722 3443 quam
1743 3383 1925 3442 primum
1948 3386 2006 3429 le-

277 3441 316 3485 se
347 3454 486 3485 narrat
517 3443 634 3514 Plut.
668 3444 709 3487 in
744 3445 896 3512 Caton.
924 3445 1096 3544 maij-f.
1168 3453 1297 3509 gatos
1323 3459 1387 3510 fos
1414 3444 1562 3509 censuit
1589 3443 1843 3486 dimittendos
1865 3463 1877 3486 .-
1908 3459 2006 3509 quq-

278 3502 304 3542 6
312 3515 383 3557 39.
421 3503 482 3544 H.
519 3501 661 3559 Steph.
714 3502 900 3558 Breviter
937 3502 971 3545 P
993 3515 1100 3544 imus
1178 3515 1295 3544 mam
1319 3501 1385 3545 zllo
1418 3516 1517 3545 vtro
1549 3509 1880 3558 argumentante,
1910 3503 2011 3559 qutd

239 3567 242 3570 ’
279 3571 325 3611 7,
349 3573 418 3611 30,
438 3559 469 3601 s.
496 3574 566 3613 31,
597 3561 699 3603 Cato
719 3558 944 3617 Censorius,
965 3559 1009 3601 in
1027 3558 1103 3603 iua
1181 3558 1286 3602 veri
1317 3560 1407 3618 effit
1434 3559 1551 3604 haud
1561 3558 1698 3616 facile
1725 3558 1896 3621 defi-erni
1915 3562 2007 3621 pos-

276 3615 400 3661 nobili
425 3615 551 3662 trium
565 3616 788 3678 sapientia
806 3623 1023 3676 procerum
1045 3616 1101 3694 als
1168 3619 1255 3692 12?th
1413 3659 1416 3662 Α

1091 3696 1144 3751 J*
1178 3703 1219 3743 x
1242 3701 1276 3747 2

671 3795 714 3842 *rx
1079 3763 1090 3774 ἱ
