2320 4030
331 355 429 402 με
753 328 832 391 M.
868 341 1078 392 rAssn
1116 340 1696 393 oU1Ncr1L1AN1

325 474 631 546 Polygnotus
668 486 829 548 atque
870 477 1189 550 Aglaophon,
1219 497 1446 548 quorum
1491 478 1708 550 fimplex
1750 477 1899 552 color
1935 489 2047 537 tam

323 546 400 597 sui
425 545 674 599 studiosos
699 547 874 600 adhuc
901 548 1080 614 habet,
1109 561 1172 602 ut
1196 550 1286 602 illa
1309 567 1468 620 prope
1493 550 1662 614 rudia,
1689 567 1751 603 ac
1789 550 1934 604 velut
1957 554 2046 605 fu-

322 626 458 668 turae
495 635 622 669 mox
660 617 785 670 artis
823 618 1109 690 primordia
1145 620 1409 686 maximiS,
1434 620 1528 702 qui
1564 621 1674 691 post
1709 639 1801 674 eos
1833 621 2046 676 exstite-

320 696 467 751 runt,
503 687 810 741 au6'mribus
834 698 857 720 κ
902 689 1262 759 praeferantur,
1301 708 1512 761 proprio
1559 691 1792 762 quodam
1841 691 2046 746 intelli-

361 757 524 810 endi²
565 762 649 827 (ut
685 777 804 811 mea
839 758 942 812 fert
976 759 1175 830 opinio)
1215 761 1440 814 ambitu.
1516 763 1630 815 Post
1663 759 1849 816 Zeuxis
1883 774 2103 835 atque4

317 776 618 898 {arrhafius
645 846 751 882 non
778 830 1011 882 multum
1040 842 1194 884 aetate
1221 831 1467 885 distantes
1509 832 1674 902 (circa
1710 833 2043 904 Peloponne-

318 897 387 950 fia
423 900 584 952 ambo
624 910 899 970 tempora3
954 919 1078 953 nam
1121 919 1245 954 cum
1293 903 1554 956 Parrhasio
1594 903 1762 956 sermo
1811 905 2047 959 Socratis

241 963 254 972 ’
319 968 459 1038 apud
491 969 907 1040 Xenophontem
934 970 1220 1038 invenitur)
1253 972 1542 1044 plurimum
1569 974 1667 1028 arti
1702 974 2042 1032 addiderunt.

318 1040 565 1094 Quorum
614 1040 760 1111 prior
806 1039 1071 1094 luminum
1121 1043 1538 1116 umbrarumque
1584 1044 1831 1098 invenisse
1877 1047 2041 1100 ratio-

318 1129 463 1176 nem,
489 1109 750 1164 secundus
777 1113 1088 1165 examinasse
1123 1113 1368 1167 subtilius
1393 1115 1559 1168 lineas
1582 1115 1824 1169 traditur.
1897 1119 2042 1171 Nam
2060 1129 2095 1187 5

318 1179 517 1235 Zeuxis
539 1181 658 1252 plus
683 1183 937 1235 membris
963 1184 1194 1255 corporis
1228 1185 1396 1250 dedit,
1421 1185 1476 1237 id
1502 1186 1732 1257 amplius
1756 1194 1917 1258 atque
1942 1206 2040 1241 au-

314 1252 559 1323 gustius⁸
597 1261 764 1316 ratuS,
801 1254 958 1325 atque
1006 1259 1089 1324 (ut
1130 1255 1447 1323 existimant)
1499 1257 1766 1310 Homerum
1807 1260 2040 1325 secutur„

317 1322 407 1375 cui
454 1321 760 1375 validiffima
800 1343 1024 1396 quaeque
1070 1327 1242 1379 forma
1282 1327 1443 1379 etiam
1492 1327 1547 1379 in
1590 1327 1804 1381 feminis
1844 1329 2038 1400 placet.

315 1393 419 1447 Ille
458 1411 581 1447 vero
619 1393 695 1447 ita
729 1393 1130 1468 circumscripsit
1157 1398 1357 1464 omnia,
1380 1409 1442 1451 ut
1473 1417 1595 1451 eum
1615 1402 1640 1434 b
1671 1399 2042 1470 legumlatorem

313 1474 527 1529 vocent,
554 1464 678 1536 quia
709 1465 928 1518 deorum
958 1479 1117 1539 atque
1153 1468 1375 1521 heroum
1413 1469 1636 1542 effigieS,
1662 1471 1844 1542 quales
1878 1473 1944 1524 ab
1973 1491 2040 1525 eo

313 1535 433 1589 funt
454 1546 471 1567 ²
513 1536 740 1602 traditae,
766 1537 949 1603 ceteri,
976 1550 1248 1610 tamquam
1284 1539 1359 1592 ita
1396 1540 1594 1593 neceffe
1620 1541 1697 1604 fit,
1726 1541 2035 1613 sequuntur.

313 1606 518 1675 Floruit
557 1617 736 1659 autem
781 1608 919 1661 circa
965 1609 1290 1682 Philippum,
1325 1621 1379 1663 et
1419 1611 1583 1682 usque
1623 1611 1690 1663 ad
1727 1612 2098 1668 succefl'ores6
2147 1659 2159 1666 .

311 1675 617 1742 Alexandri,
645 1677 847 1747 pictura
872 1680 1154 1751 praecipue,
1179 1680 1292 1733 sedd
1320 1681 1528 1734 diverfis
1554 1682 1857 1737 virtutibus.
1889 1686 2038 1739 Nam

311 1766 438 1802 cura
458 1758 480 1780 ⁶
509 1748 820 1820 Protogenes,
848 1749 1054 1803 ratione
1079 1751 1372 1823 Pamphilus
1403 1771 1463 1805 ac
1500 1752 1834 1821 Melanthius,
1859 1754 2034 1809 facili-

310 1829 423 1871 tate
467 1819 781 1889 Antiphilus,
827 1821 1189 1893 concipiendis
1239 1822 1516 1876 visionibus
1569 1828 1723 1895 (quas
1770 1825 2037 1890 φαντασίας

308 1891 526 1957 vocant)
560 1891 726 1943 Theon
755 1891 950 1944 Samius
967 1893 1002 1958 f,
1028 1893 1250 1965 ingenio
1275 1905 1328 1946 et
1351 1895 1540 1965 gratia,
1567 1914 1728 1966 quam
1754 1895 1808 1947 in
1842 1894 1894 1946 se
1929 1894 2037 1966 ipse

309 1961 542 2013 maxime
579 1961 756 2030 jaciat,
782 1963 983 2034 Apelles
1019 1966 1090 2016 est
1121 1965 1583 2035 praestantiffimuS.
1658 1966 2036 2038 Euphranorem

310 2023 678 2086 admirandum
723 2032 872 2099 facit,
910 2034 1055 2106 quod
1099 2045 1154 2088 et
1197 2035 1385 2092 ceteris
1421 2036 1640 2106 optimis
1679 2036 1859 2089 studiis
1897 2036 2041 2090 inter

308 2102 627 2174 praecipuOS,
673 2114 728 2157 et
766 2103 1024 2177 pingendi
1067 2106 1412 2179 fingendique
1450 2107 1595 2159 idem
1639 2106 1806 2160 mirus
1847 2107 2036 2160 artifex

306 2174 432 2228 fuit.
507 2174 709 2227 Similis
733 2174 789 2229 in
816 2176 995 2229 statuis
1019 2176 1333 2230 differentia.
1394 2178 1537 2230 Nam
1565 2177 1795 2244 duriora,
1821 2189 1877 2231 et
1901 2178 2030 2231 Tus·
2059 2192 2087 2248 7

307 2245 507 2299 caniois
531 2245 772 2318 proxima
801 2246 959 2299 Calon
982 2257 1143 2319 atque
1168 2249 1379 2320 Egestas
1397 2260 1438 2314 g,
1454 2247 1572 2319 jam
1589 2249 1612 2281 ¹¹
1643 2249 1822 2302 minus
1861 2248 1903 2302 ri
1948 2248 2036 2302 ida

310 2317 532 2369 Calamis
553 2317 587 2381 i,
614 2316 858 2369 molliora
891 2318 1066 2371 adhuc
1091 2320 1245 2390 supra
1267 2318 1422 2371 dietis
1447 2320 1636 2390 ll‘Iyron
1667 2318 1814 2372 fecit.
1829 2350 1867 2387 4.
1944 2319 2030 2372 ili-

300 2387 492 2459 ,gentia
517 2405 579 2441 ac
602 2387 762 2442 decor
786 2388 841 2443 in
871 2390 1112 2461 Polyclcto
1139 2393 1288 2463 supra
1313 2401 1515 2444 ceteros
1538 2412 1551 2443 z
1593 2390 1681 2444 cui
1707 2409 2032 2462 quamquam

360 2554 382 2576 ¹
413 2549 626 2601 pi&oribus
645 2552 852 2602 praeferant
871 2552 922 2591 G.
1121 2557 1139 2578 z
1172 2553 1297 2592 modo
1315 2552 1382 2606 inl:
1399 2555 1504 2594 Jens.
1692 2561 1709 2580 ⁸
1741 2556 1944 2606 angustius
1962 2555 2031 2595 fid.

308 2601 329 2630 δ
362 2617 459 2643 cum
480 2606 531 2644 G.
642 2609 656 2628 ⁶
690 2619 758 2642 om.
775 2606 880 2644 Jens.
991 2603 1013 2637 d
1039 2619 1090 2646 ex
1109 2606 1176 2658 inst
1197 2608 1248 2648 G.
1268 2608 1373 2646 Jens.
1484 2614 1500 2632 ⁶
1533 2621 1629 2649 cum
1647 2610 1750 2648 Jens.
1871 2607 1888 2635 f
1914 2611 2031 2650 Sam-

306 2658 398 2697 nius
420 2659 470 2697 G.
580 2663 597 2686 ⁸
620 2657 769 2708 Hegias
788 2659 878 2709 conj.
898 2659 1058 2699 Broukh.
1078 2661 1131 2700 ad
1147 2663 1257 2712 Prop.
1281 2673 1321 2711 3,
1343 2671 1383 2710 7,
1407 2674 1473 2710 ιο,
1492 2671 1527 2700 et
1538 2663 1673 2716 probat
1691 2665 1826 2702 Burm.
1931 2663 1951 2693 h
1972 2664 2045 2703 la-x

305 2713 366 2751 mi
384 2712 523 2763 frigida
540 2712 644 2751 Jens.
755 2712 764 2737 ¹
797 2712 960 2752 Calinus
980 2714 1032 2752 G.

367 2844 369 2846 ’
453 2834 701 2890 intelligendi
737 2835 913 2889 ambitu]
960 2837 1022 2879 Ut
1061 2838 1124 2880 vi·
1205 2837 1381 2882 statuam
1410 2851 1562 2880 canona
1588 2838 1780 2882 dicebant
1815 2839 1926 2883 Plin.
1954 2855 2027 2895 34,

303 2892 379 2936 dea
458 2907 480 2936 r
509 2893 670 2950 aliquid
699 2893 939 2950 intelligere,
960 2908 1032 2938 nec
1054 2909 1124 2938 ru-
1209 2899 1252 2946 8,
1274 2896 1306 2939 s,
1330 2913 1401 2952 ¹9·

301 2952 392 3002 des,
413 2950 476 2993 sed
498 2949 703 3007 eleganter
725 2951 852 3002 doeh,
873 2962 912 2994 et
934 2951 1029 2995 belli
1049 2952 1124 2995 ho·
1265 2957 1308 2996 6.
1339 2953 1599 3010 concipiendis
1632 2952 1870 3010 visionibus]
1920 2955 2023 3000 vid.

303 3010 436 3053 mines
455 3008 542 3060 effe,
564 3009 663 3051 talia
688 3008 858 3051 laudant
886 3010 1028 3062 etiam,
1049 3012 1126 3068 qni
1204 3011 1324 3068 supra
1344 3014 1389 3061 6,
1410 3028 1452 3062 2,
1476 3028 1549 3066 29.

302 3082 385 3110 non
416 3068 608 3125 probant.
659 3066 771 3109 Plin.
799 3081 871 3121 34,
891 3083 934 3119 2,
955 3068 986 3110 s.
1011 3083 1052 3122 3,
1072 3068 1124 3111 de
1266 3071 1309 3110 6.
1339 3069 1496 3125 ingenio
1527 3078 1566 3111 et
1591 3068 1762 3125 gratia]
1801 3068 1912 3111 Plin.
1952 3084 1974 3123 3
1982 3084 2026 3124 ς,

304 3140 386 3170 aere
411 3124 646 3176 Corinthio,
666 3124 785 3168 Mira
811 3124 925 3170 circa
951 3124 998 3167 id
1022 3125 1127 3168 mul·
1208 3141 1279 3176 ιο,
1302 3127 1332 3170 s.
1356 3130 1428 3179 36,
1464 3127 1681 3183 Praecipua
1699 3126 1867 3184 Apellis
1886 3126 1930 3168 in
1948 3143 2025 3169 ar-

303 3189 436 3226 torum
456 3181 777 3237 affeflatiofuit.
803 3182 860 3226 At
877 3181 977 3226 mihi
992 3184 1124 3240 major
1202 3191 1243 3225 te
1269 3184 1455 3231 venustas
1476 3184 1583 3240 fuit,
1612 3199 1701 3227 cum
1733 3186 1871 3226 eadem
1900 3193 2026 3228 aetate

297 3249 401 3298 pars
427 3255 563 3284 eorum
578 3239 778 3294 fimulare
794 3240 886 3283 eam
902 3240 1121 3298 scientiam
1202 3240 1379 3284 maximi
1399 3241 1575 3299 piblores
1597 3242 1729 3298 cffi’nt,
1746 3255 1914 3299 quorum
1932 3249 2024 3299 ope.

305 3299 494 3349 videtur,
515 3300 575 3340 ad
576 3299 852 3356 segregandos
856 3300 906 3357 fi'
923 3313 950 3340 a
969 3298 1124 3343 caeteris
1202 3313 1256 3340 ra
1302 3314 1391 3341 cum
1439 3299 1737 3349 admiraretur,
1785 3298 2027 3348 collaudatis'

306 3356 454 3413 magis,
485 3371 607 3414 quam
635 3355 857 3412 intelligere
883 3355 1042 3417 aliquid
1065 3356 1124 3399 ibi
1201 3356 1395 3407 omnibus,
1413 3357 1534 3414 deff*
1560 3356 1639 3401 illis
1665 3371 1788 3398 unam
1805 3355 1917 3399 illam
1938 3359 2023 3401 Ve-

287 3414 495 3473 ficbtilius.
1199 3414 1531 3464 neremdicebat,
1551 3429 1672 3472 quam
1696 3414 1838 3479 Grati
1863 3415 2022 3479 εῂηζίῑει

361 3487 407 3524 4.
449 3471 564 3528 apud
592 3469 910 3527 Xenophontem]
955 3471 1119 3514 Memo-
1200 3481 1356 3514 vocant
1375 3491 1388 3514 .-
1439 3481 1593 3514 caetera
1630 3486 1767 3514 omma
1812 3472 2021 3532 conttgffffe,

301 3531 392 3576 rab.
417 3531 531 3572 Socr.
554 3528 584 3570 l.
610 3542 650 3581 3,
673 3542 713 3570 c.
739 3543 809 3572 10.
1049 3536 1060 3543 ‘
1187 3530 1269 3588 sed
1284 3529 1544 3588 hacfidafibi
1561 3529 1756 3574 neminem
1766 3536 1934 3587 parem.

365 3604 407 3644 5.
437 3585 754 3644 legumlatorem]
782 3586 900 3638 ,Sicut
919 3584 1123 3643 Polycleti
