2320 4030
340 294 440 383 με
728 313 806 371 Μ
843 315 1056 372 FA1311
1089 304 1670 398 QUIchTlLiANI

331 454 462 508 scire
487 453 642 509 facile
666 455 736 508 est
766 456 979 521 oratori,
1007 457 1153 527 quod
1181 455 1408 522 discunt,
1433 456 1525 528 qui
1557 456 1650 508 sua
1683 464 1897 528 quoque
1929 472 2061 508 cona

326 525 549 580 vfeffione
583 538 816 580 oratores
857 528 956 580 effe
997 546 1103 580 non
1146 527 1393 598 poffunt?
1455 529 1653 580 Verum
1700 535 1755 578 et
1793 528 1878 578 M.
1917 526 2061 579 Cato

331 615 456 650 cum
485 597 539 650 in
567 598 795 650 dicendo
820 598 1277 669 praestantiffimuS,
1304 609 1422 650 tum
1452 597 1592 669 juris
1615 597 1756 649 idern
1791 596 1895 648 fuit
1917 597 2061 668 peris-

328 668 584 721 tiffimusz
611 680 665 721 et
693 669 943 722 Scaevolae
964 669 1145 721 Servio
1188 687 1253 721 ue
1281 669 1519 740 Sulpicio
1543 667 1778 720 conceffa
1801 669 1872 719 est
1895 667 2056 720 etiam

327 738 596 792 facundiae
639 739 820 793 virtus,
897 741 970 791 Et
1009 740 1094 792 M.
1173 739 1333 791 ullius
1370 758 1478 791 non
1518 738 1680 791 modo
1712 740 1852 791 inter
1874 754 2055 810 sagena-
2081 740 2151 786 10

331 810 478 862 dum·
510 829 805 881 numquam
853 811 927 862 est
973 809 1250 862 destitutus
1299 809 1522 862 scientia·
1550 809 1710 880 juriS‚
1756 809 1845 862 sed
1873 810 2058 862 ‘etiam

329 898 652 952 componere
678 880 854 951 aliqua
882 880 949 932 de
975 899 1040 933 eo
1065 890 1331 951 coeperat:
1374 891 1434 933 ut
1468 891 1731 951 appareat,
1759 879 1898 951 poffe
1935 899 2055 932 ora-

325 961 502 1003 torem
543 970 647 1003 non
688 951 976 1004 discendo⁰
1014 962 1224 1004 tantum
1254 949 1366 1022 juri
1402 969 1606 1015 vacare,
1632 951 1720 1003 sed
1757 952 1920 1004 etiam
1956 951 2055 1003 do:-
2079 980 2100 994 .-

329 1022 520 1075 cendo.
579 1023 794 1081 Verum
832 1040 912 1087 ea,
938 1040 1057 1093 quae
1082 1021 1150 1074 dc
1172 1022 1414 1074 moribus
1446 1020 1752 1074 excolendis
1783 1021 2055 1093 studioque
2082 1029 2143 1072 11

318 1092 462 1165 juris
487 1092 820 1164 praecipimus
838 1104 881 1158 Ρ,
908 1112 976 1145 ne
997 1092 1118 1163 quis
1141 1110 1205 1144 eo
1230 1091 1411 1145 credat
1434 1091 1884 1162 reprehendenda,
1911 1091 2058 1164 quod

327 1164 529 1216 multos
550 1163 926 1234 eognovimus,
947 1164 1039 1234 qui
1067 1162 1229 1215 taedio
1253 1163 1472 1227 laboris»,
1498 1181 1660 1233 quem
1679 1163 1812 1215 ferre
1835 1163 2060 1216 tendens

327 1235 475 1288 tibus
511 1235 578 1287 ad
604 1236 687 1287 elo
730 1234 961 1288 uentiam
1001 1234 1203 1287 neceffe
1226 1235 1314 1300 est,
1342 1233 1685 1305 confugerint
1718 1233 1787 1285 ad
1819 1234 1934 1286 haec
1959 1233 2056 1286 dea

291 1354 304 1359 ,
327 1307 586 1359 verticula
629 1255 869 1358 debdiae:
928 1323 1158 1376 quorum
1178 1305 1282 1383 „flii
1322 1305 1374 1357 se
1409 1305 1476 1357 ad
1513 1304 1695 1357 album
1732 1322 1794 1357 ac
1817 1304 2057 1357 rubricas

327 1377 717 1442 transtulerunt,
758 1388 814 1428 et
861 1374 1174 1440 formularii,
1220 1375 1323 1441 vel,
1374 1387 1435 1428 ut
1481 1375 1671 1428 Cicero
1721 1375 1814 1440 ait,
1858 1375 2091 1447 leguleii·

329 1448 546 1519 quidam
587 1447 1053 1512 effemaluerunt,
1097 1457 1368 1517 tamquam
1415 1447 1631 1499 utiliora
1667 1446 1929 1518 eligentes
1972 1465 2053 1513 ea,

325 1537 554 1589 quorum
579 1519 743 1571 solam
768 1517 1084 1571 facilitatem
1106 1517 1487 1587 sequebantur:
1527 1517 1616 1569 alii
1643 1517 1874 1588 pigritiae
1908 1520 2052 1570 arro-
2079 1526 2147 1567 12

327 1590 606 1662 gantioris‚
633 1589 727 1660 qui
764 1589 939 1641 subito
963 1587 1150 1641 -sronte
1187 1588 1412 1641 conficta
1430 1597 1473 1653 ¹1,
1507 1587 1836 1658 immissaque
1871 1589 2054 1654 barba,-

327 1661 498 1713 veluti
523 1659 868 1732 despexiffent
902 1662 1131 1712 oratoria
1150 1669 1433 1730 praecepta,
1460 1659 1699 1730 paullum
1735 1658 1937 1731 aliquid
1973 1660 2052 1712 se-
2088 1694 2089 1702 κ

329 1731 520 1784 derunt
559 1732 614 1783 in'
658 1730 851 1783 scholis
894 1730 1355 1801 philosophorum,
1392 1742 1455 1782 ut
1497 1729 1690 1782 deinde
1733 1729 1789 1781 in
1836 1729 2056 1801 publico

325 1802 517 1867 tristeS‚
554 1802 702 1854 domi
751 1801 1001 1866 diffoluti,
1041 1811 1313 1872 captarent
1358 1800 1727 1853 auctoritatem
1776 1811 2058 1856 contemtu

326 1883 647 1926 ceterorum.
723 1873 1174 1925 Pmmsopnm
1224 1870 1367 1924 enim
1422 1871 1650 1925 fimulari
1706 1872 1892 1944 potest,
1938 1871 2055 1925 elo-

325 1944 548 2016 quentia
571 1963 676 1996 non
702 1945 889 2014 potest.
1618 1966 1619 1969 ¹
1713 1989 1717 1992 .

401 2017 502 2069 IV.
544 2017 606 2067 In
641 2015 826 2086 primis
864 2031 987 2067 vero
1021 2013 1293 2066 abundare
1326 2013 1488 2067 'debet
1523 2022 1699 2066 orator
1733 2013 2057 2087 exemplorum

326 2087 484 2159 copia,
512 2105 636 2140 cum
663 2096 922 2149 veterum,
950 2095 1068 2137 tum
1094 2085 1257 2139 etiam
1295 2103 1575 2149 novorum,
1603 2085 1736 2136 adeo
1761 2097 1822 2137 ut
1859 2104 1964 2138 non
1994 2104 2058 2139 ea

325 2158 511 2223 1n0d0‚
539 2177 662 2228 quae
688 2156 977 2227 conscripta
1000 2155 1120 2208 sunt
1151 2156 1392 2220 historiis,
1420 2166 1513 2208 aut
1545 2155 1876 2209 sermonibus
1909 2156 2059 2210 velut

326 2247 421 2300 per
468 2247 662 2281 manus
710 2228 923 2292 tradita,
975 2245 1203 2298 quaeque
1261 2226 1502 2298 quotidie
1561 2227 1818 2298 aguntuf,
1863 2227 2059 2281 debeat

328 2299 469 2352 noffe
492 2320 508 2365 3
549 2318 731 2355 verum
757 2318 825 2352 ne
846 2317 910 2351 ea
933 2298 1172 2369 quidem,
1200 2316 1320 2369 quae
1345 2297 1464 2350 sunt
1490 2315 1521 2350 a
1551 2297 1860 2351 clarioribus
1885 2298 2077 2369 poetis‘

328 2370 469 2438 ficita,
496 2371 791 2442 negligere.
864 2371 1013 2423 Nam
1049 2369 1142 2422 illa
1180 2369 1399 2441 quidem
1438 2369 1612 2441 priora
1629 2379 1666 2436 f,
1691 2379 1786 2423 aut
1819 2370 2054 2424 testimo·
2078 2379 2113 2423 2

384 2556 403 2576 ⁰
435 2544 606 2591 dicendo
625 2553 686 2591 G..
763 2555 784 2584 Ρ
809 2548 1075 2602 praecepim'u‘s'
1093 2562 1230 2589 nonne
1249 2550 1339 2601 quis
1356 2550 1462 2589 Jens.
1491 2555 1628 2588 nonne
1645 2550 1757 2589 etiarn
1776 2551 1827 2589 G.
1909 2559 1930 2589 1
1960 2563 2058 2605 con·

330 2607 474 2645 stmfta
502 2607 526 2645 i.
546 2606 587 2645 b.
608 2618 647 2646 v.
675 2605 949 2655 depexuiffent
975 2604 1021 2643 J.
1047 2605 1167 2644 Gebb.
1192 2604 1300 2656 Crep.
1323 2617 1363 2654 2,
1384 2617 1424 2654 9,
1453 2617 1495 2655 p.
1517 2605 1583 2653 80,
1603 2613 1640 2642 et
1672 2604 1856 2646 Galla-us.
1903 2603 2063 2659 Quidfi

329 2660 571 2699 constricta?
683 2665 698 2684 ¹
731 2660 888 2711 propria
905 2658 1014 2698 J'ens.

312 2809 529 2854 ,Videntur
548 2809 732 2868 plerique
761 2811 861 2853 leti
889 2808 1003 2852 initio
1030 2807 1153 2853 multo
1221 2809 1273 2869 fi
1292 2806 1408 2860 nihil,
1428 2807 1502 2864 m'fi
1515 2809 1707 2867 leguleius
1723 2811 1889 2869 quidam
1916 2821 2059 2858 cautus

330 2867 401 2911 hoc
438 2868 612 2924 malugffi‘
652 2879 697 2911 ut
740 2879 921 2911 oratores
969 2867 1151 2922 fierent.)
1233 2876 1276 2911 et
1311 2876 1472 2920 acutus,
1496 2876 1634 2925 praeco
1665 2870 1884 2921 actionum,
1915 2880 2063 2917 cantor

333 2925 438 2984 Post,
458 2941 546 2968 cum
577 2925 622 2968 id
650 2925 797 2984 affiqui
826 2940 902 2968 non
932 2924 1153 2982 potugffent,
1220 2925 1521 2980 formularum,
1542 2935 1689 2983 auceps
1692 2928 1966 2986 syllabarum.
2016 2968 2018 2971 .

329 2983 426 3042 istuc
446 2982 680 3041 potifflmum
694 2987 797 3042 sunt
823 2983 969 3041 delapsi
979 3001 993 3027 .-
1025 2991 1070 3026 ut
1087 2982 1155 3026 a‘i-
1299 2998 1369 3025 η.
1413 2983 1658 3043 immiffaque
1689 2986 1845 3040 barba]
1892 2986 2059 3033 Confir-

334 3049 410 3084 unt
427 3042 472 3085 in
492 3041 646 3084 Graecis
665 3041 888 3098 artificibus
908 3043 990 3084 δίε.
1237 3050 1325 3083 mat
1354 3041 1443 3085 haec
1472 3041 1664 3093 formula,
1691 3054 1732 3086 et
1761 3044 1928 3087 viciffim
1957 3061 2059 3089 con·

396 3115 465 3143 11.
488 3101 549 3142 ad
562 3099 699 3142 album
718 3108 758 3142 et
776 3098 986 3152 rubricas]
1009 3096 1154 3141 Album
1238 3098 1430 3142 fixmatur
1476 3100 1559 3152 his,
1600 3115 1696 3158 quae
1744 3102 1971 3161 scripsimus
2013 3105 2060 3147 in

330 3157 548 3208 Praetoris,
566 3169 614 3200 ut
643 3159 781 3200 omnia
810 3156 901 3200 inde
920 3157 1053 3200 ediaa
1072 3156 1154 3200 dis-
1236 3157 1359 3200 Add.
1390 3158 1440 3200 ad
1476 3160 1600 3201 Varr.
1634 3159 1694 3201 R.
1729 3160 1788 3203 R.
1828 3176 1867 3211 1,
1905 3177 1976 3215 31,
2013 3176 2058 3215 3.

331 3226 484 3266 terent,
516 3225 558 3258 et
597 3219 640 3260 in
679 3225 894 3270 numerato
924 3215 1119 3258 haberent
1140 3231 1152 3266 3
1237 3215 1348 3258 Nam
1368 3223 1417 3257 ut
1437 3216 1496 3258 ibi
1517 3215 1624 3260 ‘vitis
1646 3216 1880 3262 immittitur
1900 3235 1974 3276 pro
1993 3235 2059 3270 eo,

331 3274 522 3317 rubricas
543 3284 680 3317 autem
711 3274 929 3323 ICtorum,
950 3287 1046 3330 quae
1068 3272 1156 3325 jam
1238 3275 1351 3328 quod
1382 3273 1585 3316 solennius
1622 3274 1677 3316 est
1703 3276 1962 3334 submittitur
1992 3277 2057 3323 vel

333 3347 382 3375 ea
419 3343 540 3375 aetate
578 3333 655 3375 hoc
689 3345 836 3374 nomen
874 3330 1070 3379 habuisse,
1105 3344 1156 3371 ex
1226 3329 1527 3389 summittitur3
1557 3334 1616 3374 ita
1645 3332 1712 3375 hic
1741 3332 1908 3392 immgffiz
1929 3336 2060 3382 barba

332 3390 468 3434 Perfio
505 3405 548 3445 3,
582 3405 655 3447 90,
693 3399 734 3432 et
767 3388 936 3448 Masuri
970 3386 1154 3438 rubrica,
1236 3388 1308 3441 est,
1343 3402 1438 3447 quae
1474 3389 1575 3432 alias
1595 3389 1802 3449 fitbmiſj'a.
1847 3394 2058 3442 Caeterum

333 3458 519 3506 apparet.
1238 3446 1306 3489 hic
1345 3448 1468 3505 etiam
1508 3448 1594 3505 peti
1630 3449 1780 3493 invitos
1814 3450 2061 3495 Domitiano

400 3522 469 3549 11.
513 3503 693 3561 leguleii]
741 3505 809 3548 De
841 3506 967 3547 Orat.
1004 3518 1045 3553 1,
1069 3518 1106 3558 „5
1114 3517 1155 3559 5,
1236 3504 1517 3564 philosophos,
1537 3516 1724 3565 apparet.
1959 3526 1964 3531 -

333 3563 403 3609 Ita
441 3564 495 3624 est
526 3562 600 3608 tibi
632 3561 948 3622 Jurnsconficltus
975 3560 1054 3622 ipſs:
1080 3569 1160 3621 per
