2320 4030
358 384 380 417 1
391 382 452 429 24

762 364 840 415 M.
875 360 1080 415 FABII
1117 361 1696 414 QUINCTILIANI

431 521 491 556 ra·
524 500 698 576 gratia
716 511 763 569 ²,
801 519 909 574 qua
946 500 1164 554 nomina
1206 500 1317 554 dixi
1364 498 1585 555 mutatis
1636 500 1839 555 cafibus
1887 502 2079 575 repeti,

409 595 472 628 on
511 575 674 628 minus
721 575 926 638 cederet,
1005 593 1122 625 uam
1170 572 1315 644 ceffit.

925 594 1179 696 Nimirum
1207 644 1336 715 pff
1369 643 1513 697 alteri
1549 643 1670 695 dare
1693 642 2076 711 matrimonium,

1338 714 1723 786 Contrapositum
1747 725 1946 779 autem,
1972 715 2076 781 vel,
2101 712 2165 773 81

348 643 700 716 σαρωνομασὶα
715 657 735 680 ²
770 645 842 699 est
857 645 899 711 b,

349 715 451 787 nist
469 736 609 789 quem
627 728 776 789 penes
792 715 870 786 sit
885 714 1259 788 patrimonium.

1391 572 1590 626 Adhuc
1638 572 1975 641 ὃμοιοτέλευτον
2023 584 2081 627 et

351 797 418 841 ut
477 787 657 840 uidam
686 797 899 853 vocant,
926 786 1157 838 contentio
1189 785 1450 855 (ἀντίθετον
1475 785 1692 852 dicitur)
1731 803 1839 837 non
1873 803 1982 839 uno
2021 787 2081 840 fit

339 866 408 913 'm
483 877 536 910 ο.

610 860 755 911 Nam
783 867 840 910 et
876 857 954 922 fit,
981 857 1014 909 fi
1042 857 1244 928 fingula
1268 855 1482 927 fingulis
1507 866 1884 928 opponuntur:
1923 866 1987 910 ut
2022 857 2079 911 in

342 935 443 996 co,
468 929 613 1001 quod
650 928 813 981 modo
859 927 990 988 dixi,
1026 927 1158 980 Vicit
1192 927 1425 1000 pudorem
1467 928 1635 993 libido,
1663 928 1878 980 timorem
1910 930 2079 981 auda-

334 1001 431 1054 ’σία
454 1021 471 1053 .·
509 1010 564 1052 et
584 999 711 1053 bina
733 999 874 1052 binis
899 1019 911 1050 ι
954 999 1070 1051 Non
1092 997 1237 1070 nostri
1262 999 1470 1070 ingenii,
1494 995 1644 1071 v'estri
1681 998 1864 1050 auxilii
1887 998 1951 1070 est
1969 1021 1988 1052 .-
2026 1010 2082 1053 et

351 1070 628 1124 sententiae
668 1069 973 1123 sententiis:
1034 1069 1331 1122 Dominetur
1367 1068 1423 1120 in
1460 1070 1780 1133 concionibuS,
1807 1070 1986 1142 jaceat
2027 1071 2081 1124 in

334 1142 571 1216 judiciis.
645 1142 751 1196 Cui
799 1140 1215 1194 commodiffime
1264 1137 1601 1213 subjungitur
1648 1152 1703 1193 et
1751 1160 1814 1193 ea
1860 1141 2078 1222 speeieS,
2102 1141 2172 1206 82.

352 1215 514 1286 quam
542 1212 891 1284 distinci'tionem
914 1213 1181 1265 diximus:
1225 1211 1346 1264 Odit
1373 1212 1583 1293 populus
1622 1212 1864 1265 Romanus
1897 1226 2079 1285 priva·
2143 1239 2147 1242 ·

354 1295 459 1337 tam
503 1285 776 1349 luxuriam,
815 1284 1066 1357 publicam
1108 1282 1528 1355 magnificentiam
1570 1284 1744 1356 diligit
1766 1305 1784 1336 .·
1839 1295 1913 1349 et,
1958 1304 2081 1357 quae

351 1355 477 1410 funt
513 1357 666 1409 fimili
705 1357 845 1421 casu,
871 1354 1104 1408 diffimili
1139 1354 1394 1407 sententia
1432 1356 1487 1406 in
1522 1355 1716 1408 ultimo
1747 1355 1955 1408 locata:
1995 1367 2079 1422 ut,

358 1428 505 1481 Quod
523 1429 579 1480 in
619 1438 824 1499 tempore
863 1427 984 1479 mali
1005 1425 1141 1496 fuit,
1166 1424 1296 1479 nihil
1321 1425 1454 1494 obsit,
1484 1426 1624 1497 quin,
1651 1428 1786 1500 quod
1823 1427 1877 1477 in
1913 1428 2081 1497 cauffa

337 1499 470 1552 'boni
485 1499 622 1571 fuit,
641 1499 814 1572 prosit.
887 1498 1007 1550 Nec
1036 1498 1239 1568 semper
1268 1497 1682 1569 contrapositum
1715 1498 2077 1570 subjungitur,
2102 1498 2170 1570 83

353 1580 417 1623 ut
442 1570 496 1623 in
524 1571 648 1636 hoe,
675 1570 771 1642 Est
794 1569 919 1621 enim
938 1578 955 1599 ‘-
982 1568 1333 1641 haec‚judices‚
1359 1589 1454 1621 non
1467 1570 1794 1640 seripta‚sed
1813 1578 1937 1621 nata
1962 1568 2043 1622 lex
2059 1590 2078 1623 .·

337 1645 342 1660 ”
352 1659 560 1707 verum,
587 1643 717 1695 ficut
742 1641 933 1694 Cicero
958 1640 1110 1705 dicit,
1142 1639 1328 1710 [quod]
1353 1638 1375 1670 ‘¹
1400 1639 1468 1692 de
1486 1650 1505 1672 ⁶
1533 1641 1748 1714 fingulis
1772 1632 1930 1694 rebus
1954 1659 2078 1712 pro-

355 1713 535 1785 pofitis
554 1713 572 1745 f
618 1711 846 1767 refertur
890 1711 958 1764 ad
1007 1711 1244 1782 fingula:
1309 1720 1372 1763 ut
1414 1711 1469 1762 in
1509 1729 1593 1776 e0,
1635 1710 1782 1784 quod
1819 1711 2077 1784 sequitur,

330 1790 340 1852 J
360 1784 526 1855 Quam
563 1804 660 1836 non
696 1783 976 1846 didicimus,
1018 1783 1301 1854 accepimus,
1337 1781 1561 1854 legimus,
1587 1803 1762 1836 verum
1797 1803 1857 1835 ex
1891 1794 2079 1836 natura

351 1855 459 1926 ipsit
486 1855 806 1930 arripuimus,
833 1854 1100 1925 hausimuS,
1128 1852 1454 1926 exprefflmuS.
1529 1855 1650 1907 Nec
1681 1854 1903 1926 semper,
1930 1855 2078 1927 quod
2100 1853 2173 1927 84

352 1925 625 1980 adversum
672 1926 764 1990 est,
809 1925 1244 1996 contraponitur:
1306 1925 1464 1996 quale
1501 1926 1573 1977 est
1611 1925 1754 1997 apud
1792 1925 2077 1992 Rutilium,

353 1997 510 2051 Nobis
536 1999 791 2072 primumg
828 1997 900 2050 dii
924 1995 1251 2050 immortales*
1270 1996 1459 2071 fruges
1484 1997 1725 2050 dederunt
1745 2018 1762 2049 .·
1800 2017 1902 2064 ποε,
1931 1997 2077 2072 quae¹

407 2189 430 2212 ²
458 2182 601 2222 Graeca
617 2182 722 2221 Jens.

354 2235 373 2261 θ
405 2251 473 2276 om.
493 2236 598 2277 Alm.
618 2236 706 2289 Bas
730 2235 821 2275 Obr.

352 2291 458 2330 Jens.
567 2287 588 2320 h
616 2291 734 2330 nobis
753 2289 819 2344 itfi
839 2290 893 2329 id.

950 2241 967 2260 θ
999 2250 1067 2275 om.
1090 2233 1141 2273 G.

332 2438 334 2440 ’
415 2443 488 2492 83.
519 2453 730 2482 verum—
743 2439 895 2497 [quod]
918 2436 1168 2494 defingulis]

355 2499 496 2541 Locus
517 2499 730 2540 Ciceronis
750 2499 804 2540 est
821 2498 873 2540 de
892 2500 1015 2540 Orat.
1039 2513 1078 2550 3,
1101 2512 1171 2551 54,

348 2556 435 2611 jam
467 2556 586 2612 supra
620 2555 812 2598 laudatus
845 2572 888 2611 9,
922 2571 964 2605 1,
999 2570 1069 2609 35.
1118 2555 1175 2597 Et

356 2614 464 2670 quod
475 2615 526 2655 de
539 2612 708 2670 singulis
725 2613 843 2657 rebus
857 2612 1060 2670 proposttis
1076 2613 1173 2655 duc-

354 2679 441 2714 tum
458 2671 640 2727 refertur
657 2673 718 2714 ad
718 2670 899 2728 singula.
945 2672 1020 2713 Sed
1041 2671 1173 2714 credi-

353 2729 438 2772 bile
471 2729 524 2772 est
559 2739 648 2772 tum
681 2731 785 2787 quod
816 2740 906 2771 tum
935 2729 1098 2773 duflum
1126 2745 1173 2772 0-

354 2787 470 2830 miss‘a
505 2802 530 2828 a
563 2787 712 2838 Fabio,
747 2797 796 2830 ut
835 2789 916 2830 suis
956 2788 1173 2846 praeceptis

278 2883 282 2889 .
350 2847 478 2888 verba
495 2845 633 2889 Tullii
655 2848 998 2888 accommodaret.
1046 2847 1174 2888 Sita-

352 2918 446 2946 men
467 2903 675 2957 retinenda
700 2903 745 2947 fit
775 2906 794 2943 ἡ
820 2902 938 2961 quod,
960 2902 1080 2946 facile
1110 2904 1173 2946 in-

350 2961 515 3020 telligas
554 2961 741 3005 omissum
779 2962 832 3018 cst
865 2961 1008 3004 etiam.
1076 2962 1172 3004 Non

350 3029 455 3076 puto
471 3019 699 3077 elegantius
719 3021 843 3074 hujus
873 3020 1019 3076 figurae
1038 3034 1173 3062 exem-

363 3077 468 3122 )lum
488 3078 638 3120 exstare
658 3077 730 3121 ino
754 3080 873 3119 Verr.
891 3091 939 3129 4,
958 3091 1035 3131 503
1058 3079 1172 3134 quod

347 3093 445 3178 iicet
466 3135 767 3193 longiusculum
794 3135 1023 3179 adscribam
1041 3150 1171 3178 recre-

349 3194 447 3237 andi
476 3194 640 3237 leftoris
674 3194 811 3236 causa.
859 3191 1092 3236 ‘senuerunt
1120 3193 1170 3236 il-

348 3252 434 3294 lum
461 3252 586 3295 locum
618 3252 690 3307 (de
715 3254 835 3295 Enna
855 3252 1007 3294 Siciliae
1029 3251 1166 3308 loqui-

350 3311 442 3366 tur)
450 3309 594 3368 servi,
600 3309 807 3366 fugitivi,
821 3308 1011 3358 barbari,
1031 3308 1165 3366 hostes.

350 3371 435 3412 Sed
449 3381 574 3426 neque
588 3375 676 3410 tam
682 3367 812 3425 servi
826 3367 887 3410 illi
903 3367 1167 3418 dominorum,

347 3440 472 3483 quam
490 3434 535 3468 tu
555 3423 767 3468 libidinum
786 3444 798 3468 .·
830 3439 956 3482 neque
983 3433 1070 3468 tam
1087 3426 1167 3480 fu-

340 3483 482 3540 gitivi
500 3483 560 3526 illi
577 3495 607 3525 a
623 3482 808 3534 dominis,
824 3498 948 3540 quam
966 3490 1010 3525 tu
1030 3497 1060 3524 a
1068 3483 1170 3540 jure

348 3551 390 3583 et
422 3556 452 3583 a
483 3531 635 3598 legibus
652 3560 664 3583 .·
709 3556 834 3599 neque
870 3549 958 3583 tam
994 3540 1170 3583 barbari

345 3599 488 3657 lingua
517 3608 557 3643 et
584 3599 749 3643 natione
777 3597 855 3651 illi,
872 3613 996 3657 quam
1023 3606 1168 3642 turna-

859 2187 876 2207 ²
907 2178 1150 2232 ὅμοιοτέλες-ον
1168 2182 1220 2220 G.

1000 2287 1011 2315 ἰ
1043 2289 1154 2341 quod
1171 2289 1222 2329 G.
1240 2290 1347 2329 Jens.

1359 2179 1377 2206 δ
1409 2197 1476 2221 om.
1499 2154 1550 2221 G
1683 2188 1700 2208 e
1732 2167 1851 2234 igitur
1863 2182 1950 2234 jud.
1969 2184 2079 2224 Jens.

1269 2231 1286 2259 f
1312 2236 1480 2276 duEtum
1499 2237 1566 2290 irgfi
1587 2244 1650 2288 ap.
1674 2237 1756 2276 Cic.
1885 2243 1904 2269 ⁶
1934 2238 2080 2283 Primis

1253 2447 1354 2482 tura
1392 2447 1431 2480 et
1471 2439 1644 2483 moribus
1659 2459 1672 2484 .·
1723 2454 1848 2498 neque
1883 2439 1945 2482 illi
1989 2448 2076 2484 tam

1255 2496 1374 2555 hostes
1402 2496 1636 2548 hominibus,
1655 2513 1778 2558 quam
1806 2507 1851 2540 tu
1879 2497 1973 2542 Diis
1996 2498 2074 2541 im-

1255 2555 1508 2598 mortalibus.
1561 2560 1667 2615 Qae
1683 2556 1908 2613 deprecatio
1925 2557 1978 2614 est
1994 2556 2074 2613 {gi-

1255 2622 1326 2655 tur
1356 2613 1395 2656 ei
1423 2613 1601 2671 reliqua,
1621 2615 1690 2673 qui
1721 2614 1966 2671 indignitc'zte
1975 2616 2082 2674 fin.

1254 2686 1350 2721 «vos,
1391 2671 1621 2715 temeritate
1653 2672 1884 2731 fugitivos,
1919 2673 2075 2731 stelere

1253 2728 1470 2780 barbaros,
1486 2730 1724 2774 crudelitate
1741 2729 1860 2789 hostes
1876 2731 2032 2774 vicerit
2042 2731 2072 2773 ?

1316 2792 1388 2841 84.
1418 2789 1533 2844 apud
1548 2788 1765 2843 Rutilium]
1788 2791 1960 2847 Lupum
1978 2789 2072 2832 rhe-

1254 2854 1361 2896 tora,
1390 2853 1590 2904 tanquam
1618 2847 1810 2892 antitheti
1838 2847 2072 2906 exemplum

1254 2919 1305 2946 ex
1329 2905 1513 2947 oratione
1539 2906 1744 2949 Demetrii
1772 2904 1975 2955 Phalerei,
1995 2907 2071 2962 qui

1251 2964 1376 3004 etiam
1411 2963 1575 3018 subjicit
1603 2979 1646 3022 p.
1682 2980 1752 3013 ιι,
1776 2963 1892 3006 Pith.
1925 2963 2072 3020 Itaque

1250 3029 1292 3062 et
1310 3020 1563 3077 amplzffimus
1590 3020 1702 3064 nobis
1727 3020 1843 3064 honos
1868 3020 1923 3065 ab
1943 3021 2071 3064 omni-

1251 3077 1324 3119 bus
1342 3077 1518 3120 habetur
1532 3097 1546 3122 .·
1577 3087 1617 3122 et
1633 3086 1803 3136 propter
1819 3078 1978 3122 honoris
1993 3077 2070 3121 hu-

1239 3136 1315 3191 jus
1348 3135 1588 3192 dignitatem
1605 3136 1811 3195 superbia:
1837 3137 1981 3195 nostrae
1997 3151 2070 3180 ne-

1249 3209 1312 3235 mo
1330 3194 1545 3253 vestigium
1563 3194 1787 3252 experitur.
1844 3197 1910 3238 De
1931 3195 2070 3238 Athe-

1250 3252 1455 3294 nienfibus
1486 3253 1706 3296 sermonem
1738 3255 1804 3296 hic
1835 3253 1909 3297 effe
1934 3268 2070 3311 reper-

1251 3310 1382 3367 tisque
1415 3311 1524 3368 apud
1553 3326 1621 3354 eos
1649 3310 1862 3368 frugibus,
1881 3320 2066 3370 apparet.

1251 3369 1345 3410 Cic.
1369 3383 1443 3425 pro
1474 3368 1626 3412 Flacco
1657 3371 1730 3418 26,
1763 3369 1915 3428 Adsunt
1943 3368 2068 3412 Athe·-

1249 3425 1415 3483 m‘enses,
1444 3427 1547 3468 unde
1581 3426 1833 3476 humanitas,
1864 3426 2067 3478 doblrina,

1249 3482 1406 3540 religio,
1433 3483 1602 3541 fruges,
1629 3485 1754 3542 jura,
1790 3483 1911 3540 leges,
1948 3493 2067 3535 ortae,

1248 3550 1373 3598 atque
1382 3541 1433 3595 ,in
1451 3556 1582 3587 omnes
1603 3549 1741 3588 terras
1759 3541 1976 3601 distribute
1985 3550 2068 3605 pu-

1248 3607 1411 3646 tamur.
2036 3607 2043 3616 “
