<?xml version="1.0" encoding="UTF-8"?>
<!DOCTYPE html PUBLIC "-//W3C//DTD XHTML 1.0 Transitional//EN"
    "http://www.w3.org/TR/xhtml1/DTD/xhtml1-transitional.dtd">
<html xmlns="http://www.w3.org/1999/xhtml" xml:lang="en" lang="en">
 <head>
  <title>
</title>
<meta http-equiv="Content-Type" content="text/html;charset=utf-8" />
  <meta name='ocr-system' content='tesseract 3.04.00' />
  <meta name='ocr-capabilities' content='ocr_page ocr_carea ocr_par ocr_line ocrx_word'/>
</head>
<body>
  <div class='ocr_page' id='page_1' title='image "./deinstitutioneor02quinuoft_0056.png"; bbox 0 0 2320 4030; ppageno 0'>
   <div class='ocr_carea' id='block_1_1' title="bbox 354 302 421 364">
    <p class='ocr_par' dir='ltr' id='par_1_1' title="bbox 354 302 421 364">
     <span class='ocr_line' id='line_1_1' title="bbox 354 302 421 364; baseline 0 -14"><span class='ocrx_word' id='word_1_1' title='bbox 354 302 421 364; x_wconf 71' lang='lat'><strong>48</strong></span> 
     </span>
    </p>
   </div>
   <div class='ocr_carea' id='block_1_2' title="bbox 744 294 1678 351">
    <p class='ocr_par' dir='ltr' id='par_1_2' title="bbox 744 294 1678 351">
     <span class='ocr_line' id='line_1_2' title="bbox 744 294 1678 351; baseline 0 -2"><span class='ocrx_word' id='word_1_2' title='bbox 744 301 820 350; x_wconf 91' lang='lat' dir='ltr'><strong>M.</strong></span> <span class='ocrx_word' id='word_1_3' title='bbox 856 300 1062 350; x_wconf 89' lang='lat' dir='ltr'><strong>FABII</strong></span> <span class='ocrx_word' id='word_1_4' title='bbox 1099 294 1678 351; x_wconf 75' lang='lat' dir='ltr'><strong>QUINCTILIANI</strong></span> 
     </span>
    </p>
   </div>
   <div class='ocr_carea' id='block_1_3' title="bbox 340 435 2162 863">
    <p class='ocr_par' dir='ltr' id='par_1_3' title="bbox 340 435 2162 863">
     <span class='ocr_line' id='line_1_3' title="bbox 355 435 2071 508; baseline 0.001 -18"><span class='ocrx_word' id='word_1_5' title='bbox 355 435 638 500; x_wconf 77' lang='lat' dir='ltr'>cherrima,</span> <span class='ocrx_word' id='word_1_6' title='bbox 662 455 791 490; x_wconf 81' lang='lat' dir='ltr'><strong>cum</strong></span> <span class='ocrx_word' id='word_1_7' title='bbox 819 436 998 508; x_wconf 87' lang='lat' dir='ltr'><strong>aliqua</strong></span> <span class='ocrx_word' id='word_1_8' title='bbox 1022 436 1416 508; x_wconf 87' lang='lat' dir='ltr'><strong>comparatione</strong></span> <span class='ocrx_word' id='word_1_9' title='bbox 1442 436 1696 490; x_wconf 84' lang='lat' dir='ltr'>clarescit.</span> <span class='ocrx_word' id='word_1_10' title='bbox 1758 436 2071 507; x_wconf 84' lang='lat' dir='ltr'><strong>Trachallus</strong></span> 
     </span>
     <span class='ocr_line' id='line_1_4' title="bbox 355 507 2073 580; baseline 0.003 -22"><span class='ocrx_word' id='word_1_11' title='bbox 355 518 541 560; x_wconf 86' lang='lat' dir='ltr'><strong>contra</strong></span> <span class='ocrx_word' id='word_1_12' title='bbox 579 507 846 580; x_wconf 75' lang='lat' dir='ltr'>Spatalen,</span> <span class='ocrx_word' id='word_1_13' title='bbox 887 507 1060 561; x_wconf 82' lang='lat' dir='ltr'><em>Placet</em></span> <span class='ocrx_word' id='word_1_14' title='bbox 1107 508 1191 560; x_wconf 84' lang='lat' dir='ltr'><strong>hoc</strong></span> <span class='ocrx_word' id='word_1_15' title='bbox 1235 528 1368 579; x_wconf 81' lang='lat' dir='ltr'><strong>ergo,</strong></span> <span class='ocrx_word' id='word_1_16' title='bbox 1413 517 1471 559; x_wconf 69' lang='grc' dir='ltr'><strong>οιῐι</strong></span> <span class='ocrx_word' id='word_1_17' title='bbox 1497 507 1644 579; x_wconf 85' lang='lat' dir='ltr'><strong>leges,</strong></span> <span class='ocrx_word' id='word_1_18' title='bbox 1665 524 1671 531; x_wconf 90' lang='grc'><strong>“</strong></span> <span class='ocrx_word' id='word_1_19' title='bbox 1689 507 2073 580; x_wconf 75' lang='lat' dir='ltr'><strong>diligentffmae</strong></span> 
     </span>
     <span class='ocr_line' id='line_1_5' title="bbox 347 578 2073 651; baseline 0.002 -22"><span class='ocrx_word' id='word_1_20' title='bbox 347 579 555 649; x_wconf 84' lang='lat' dir='ltr'><strong>pudoris</strong></span> <span class='ocrx_word' id='word_1_21' title='bbox 577 578 802 651; x_wconf 84' lang='lat' dir='ltr'><strong>custodes,</strong></span> <span class='ocrx_word' id='word_1_22' title='bbox 826 579 1037 631; x_wconf 84' lang='lat' dir='ltr'><strong>decimas</strong></span> <span class='ocrx_word' id='word_1_23' title='bbox 1057 578 1288 631; x_wconf 82' lang='lat' dir='ltr'><em>uxoribus</em></span> <span class='ocrx_word' id='word_1_24' title='bbox 1313 578 1447 642; x_wconf 84' lang='lat' dir='ltr'><strong>dari,</strong></span> <span class='ocrx_word' id='word_1_25' title='bbox 1474 589 1683 649; x_wconf 79' lang='lat' dir='ltr'><strong>quartas</strong></span> <span class='ocrx_word' id='word_1_26' title='bbox 1708 579 2073 632; x_wconf 74' lang='lat' dir='ltr'><em>meretricibus?</em></span> 
     </span>
     <span class='ocr_line' id='line_1_6' title="bbox 357 649 2074 732; baseline 0.001 -30"><span class='ocrx_word' id='word_1_27' title='bbox 357 649 464 702; x_wconf 89' lang='lat' dir='ltr'><strong>Sed</strong></span> <span class='ocrx_word' id='word_1_28' title='bbox 504 649 694 702; x_wconf 87' lang='lat' dir='ltr'><strong>horum</strong></span> <span class='ocrx_word' id='word_1_29' title='bbox 735 649 951 721; x_wconf 87' lang='lat' dir='ltr'><strong>quidem</strong></span> <span class='ocrx_word' id='word_1_30' title='bbox 989 667 1243 732; x_wconf 82' lang='lat' dir='ltr'>generum</span> <span class='ocrx_word' id='word_1_31' title='bbox 1290 661 1345 701; x_wconf 84' lang='lat' dir='ltr'><strong>et</strong></span> <span class='ocrx_word' id='word_1_32' title='bbox 1380 649 1572 700; x_wconf 88' lang='lat' dir='ltr'><strong>bonae⁰</strong></span> <span class='ocrx_word' id='word_1_33' title='bbox 1607 649 1715 701; x_wconf 88' lang='lat' dir='ltr'><strong>dici</strong></span> <span class='ocrx_word' id='word_1_34' title='bbox 1751 649 1978 720; x_wconf 73' lang='lat' dir='ltr'><strong>potsunt,</strong></span> <span class='ocrx_word' id='word_1_35' title='bbox 2015 660 2074 703; x_wconf 82' lang='lat' dir='ltr'><strong>et</strong></span> 
     </span>
     <span class='ocr_line' id='line_1_7' title="bbox 354 719 2162 792; baseline -0.001 -19"><span class='ocrx_word' id='word_1_36' title='bbox 354 719 530 773; x_wconf 84' lang='lat' dir='ltr'><strong>malae.</strong></span> <span class='ocrx_word' id='word_1_37' title='bbox 561 719 674 773; x_wconf 89' lang='lat' dir='ltr'><strong>Illae</strong></span> <span class='ocrx_word' id='word_1_38' title='bbox 700 720 899 790; x_wconf 83' lang='lat' dir='ltr'><strong>semper</strong></span> <span class='ocrx_word' id='word_1_39' title='bbox 921 719 1142 784; x_wconf 72' lang='lat' dir='ltr'><strong>vitiosae,</strong></span> <span class='ocrx_word' id='word_1_40' title='bbox 1163 719 1243 772; x_wconf 89' lang='lat' dir='ltr'><strong>uti</strong></span> <span class='ocrx_word' id='word_1_41' title='bbox 1259 728 1278 760; x_wconf 73' lang='grc' dir='ltr'><strong>Ρ</strong></span> <span class='ocrx_word' id='word_1_42' title='bbox 1306 729 1370 771; x_wconf 84' lang='lat' dir='ltr'><strong>aq</strong></span> <span class='ocrx_word' id='word_1_43' title='bbox 1395 720 1562 784; x_wconf 82' lang='lat' dir='ltr'><strong>verb0‚</strong></span> <span class='ocrx_word' id='word_1_44' title='bbox 1584 721 1761 773; x_wconf 83' lang='lat' dir='ltr'><strong>Patres</strong></span> <span class='ocrx_word' id='word_1_45' title='bbox 1785 720 2035 792; x_wconf 80' lang='lat' dir='ltr'><em>conscripti</em></span> <span class='ocrx_word' id='word_1_46' title='bbox 2049 740 2066 786; x_wconf 78' lang='lat'>3</span> <span class='ocrx_word' id='word_1_47' title='bbox 2094 741 2162 783; x_wconf 82' lang='lat'><strong>20</strong></span> 
     </span>
     <span class='ocr_line' id='line_1_8' title="bbox 340 789 2072 863; baseline 0.001 -20"><span class='ocrx_word' id='word_1_48' title='bbox 340 789 417 863; x_wconf 81' lang='lat' dir='ltr'><strong>fic</strong></span> <span class='ocrx_word' id='word_1_49' title='bbox 439 792 566 844; x_wconf 86' lang='lat' dir='ltr'><strong>enim</strong></span> <span class='ocrx_word' id='word_1_50' title='bbox 591 791 917 862; x_wconf 83' lang='lat' dir='ltr'><strong>incipiendum</strong></span> <span class='ocrx_word' id='word_1_51' title='bbox 940 790 1003 842; x_wconf 76' lang='lat' dir='ltr'><strong>el</strong></span> <span class='ocrx_word' id='word_1_52' title='bbox 1038 791 1175 854; x_wconf 82' lang='lat' dir='ltr'><strong>mihi,</strong></span> <span class='ocrx_word' id='word_1_53' title='bbox 1200 801 1256 843; x_wconf 86' lang='lat' dir='ltr'><strong>ut</strong></span> <span class='ocrx_word' id='word_1_54' title='bbox 1291 790 1601 843; x_wconf 81' lang='lat' dir='ltr'><em>memineritis</em></span> <span class='ocrx_word' id='word_1_55' title='bbox 1617 801 1838 862; x_wconf 79' lang='lat' dir='ltr'><strong>patrum.</strong></span> <span class='ocrx_word' id='word_1_56' title='bbox 1915 790 2072 863; x_wconf 75' lang='lat' dir='ltr'><strong>Pejus</strong></span> 
     </span>
    </p>
   </div>
   <div class='ocr_carea' id='block_1_4' title="bbox 357 860 1574 933">
    <p class='ocr_par' dir='ltr' id='par_1_4' title="bbox 357 860 1574 933">
     <span class='ocr_line' id='line_1_9' title="bbox 357 860 1574 933; baseline 0 -19"><span class='ocrx_word' id='word_1_57' title='bbox 357 861 553 927; x_wconf 87' lang='lat' dir='ltr'><strong>adhuc,</strong></span> <span class='ocrx_word' id='word_1_58' title='bbox 581 881 689 933; x_wconf 88' lang='lat' dir='ltr'><strong>quo</strong></span> <span class='ocrx_word' id='word_1_59' title='bbox 717 862 890 932; x_wconf 77' lang='lat' dir='ltr'><strong>magis</strong></span> <span class='ocrx_word' id='word_1_60' title='bbox 949 861 1112 914; x_wconf 88' lang='lat' dir='ltr'><strong>alsum</strong></span> <span class='ocrx_word' id='word_1_61' title='bbox 1147 862 1238 926; x_wconf 89' lang='lat' dir='ltr'><strong>est,</strong></span> <span class='ocrx_word' id='word_1_62' title='bbox 1270 872 1326 913; x_wconf 90' lang='lat' dir='ltr'><strong>et</strong></span> <span class='ocrx_word' id='word_1_63' title='bbox 1357 860 1574 932; x_wconf 88' lang='lat' dir='ltr'><strong>longius</strong></span> 
     </span>
    </p>
   </div>
   <div class='ocr_carea' id='block_1_5' title="bbox 1649 861 2075 926">
    <p class='ocr_par' dir='ltr' id='par_1_5' title="bbox 1649 861 2075 926">
     <span class='ocr_line' id='line_1_10' title="bbox 1649 861 2075 926; baseline 0.005 -12"><span class='ocrx_word' id='word_1_64' title='bbox 1649 861 1860 926; x_wconf 88' lang='lat' dir='ltr'><strong>etitum,</strong></span> <span class='ocrx_word' id='word_1_65' title='bbox 1888 873 2075 916; x_wconf 84' lang='lat' dir='ltr'><strong>contra</strong></span> 
     </span>
    </p>
   </div>
   <div class='ocr_carea' id='block_1_6' title="bbox 355 931 2158 1288">
    <p class='ocr_par' dir='ltr' id='par_1_6' title="bbox 355 931 2158 1288">
     <span class='ocr_line' id='line_1_11' title="bbox 357 931 2069 1003; baseline 0.001 -18"><span class='ocrx_word' id='word_1_66' title='bbox 357 933 600 986; x_wconf 89' lang='lat' dir='ltr'><strong>eamdem</strong></span> <span class='ocrx_word' id='word_1_67' title='bbox 626 932 852 984; x_wconf 89' lang='lat' dir='ltr'><strong>sororem</strong></span> <span class='ocrx_word' id='word_1_68' title='bbox 870 931 1200 1003; x_wconf 83' lang='lat' dir='ltr'><strong>gladiatoriS,</strong></span> <span class='ocrx_word' id='word_1_69' title='bbox 1225 932 1378 1003; x_wconf 88' lang='lat' dir='ltr'><strong>cujus</strong></span> <span class='ocrx_word' id='word_1_70' title='bbox 1404 932 1567 984; x_wconf 89' lang='lat' dir='ltr'><strong>modo</strong></span> <span class='ocrx_word' id='word_1_71' title='bbox 1617 932 1696 984; x_wconf 87' lang='lat' dir='ltr'><strong>eci</strong></span> <span class='ocrx_word' id='word_1_72' title='bbox 1721 931 2069 1001; x_wconf 82' lang='lat' dir='ltr'><strong>mentionem,</strong></span> 
     </span>
     <span class='ocr_line' id='line_1_12' title="bbox 357 1002 2158 1075; baseline 0.001 -18"><span class='ocrx_word' id='word_1_73' title='bbox 357 1004 457 1059; x_wconf 86' lang='lat' dir='ltr'><strong>Ad</strong></span> <span class='ocrx_word' id='word_1_74' title='bbox 463 1014 478 1036; x_wconf 73' lang='lat'><em>¹</em></span> <span class='ocrx_word' id='word_1_75' title='bbox 506 1004 719 1075; x_wconf 81' lang='lat' dir='ltr'><em>digitum</em></span> <span class='ocrx_word' id='word_1_76' title='bbox 742 1002 992 1075; x_wconf 81' lang='lat' dir='ltr'><strong>pugna-vi.</strong></span> <span class='ocrx_word' id='word_1_77' title='bbox 1056 1003 1153 1055; x_wconf 87' lang='lat' dir='ltr'><strong>-Est</strong></span> <span class='ocrx_word' id='word_1_78' title='bbox 1176 1002 1337 1055; x_wconf 85' lang='lat' dir='ltr'><strong>etiam</strong></span> <span class='ocrx_word' id='word_1_79' title='bbox 1373 1002 1584 1074; x_wconf 84' lang='lat' dir='ltr'><strong>generis</strong></span> <span class='ocrx_word' id='word_1_80' title='bbox 1620 1002 1872 1074; x_wconf 87' lang='lat' dir='ltr'><strong>ejusdem,</strong></span> <span class='ocrx_word' id='word_1_81' title='bbox 1897 1003 2072 1058; x_wconf 85' lang='lat' dir='ltr'><strong>nescio</strong></span> <span class='ocrx_word' id='word_1_82' title='bbox 2095 1027 2158 1067; x_wconf 81' lang='lat'><strong>21</strong></span> 
     </span>
     <span class='ocr_line' id='line_1_13' title="bbox 357 1073 2074 1145; baseline 0.001 -19"><span class='ocrx_word' id='word_1_83' title='bbox 357 1093 424 1126; x_wconf 90' lang='lat' dir='ltr'><strong>an</strong></span> <span class='ocrx_word' id='word_1_84' title='bbox 449 1073 844 1136; x_wconf 85' lang='lat' dir='ltr'><strong>viti&#39;ofiffimum‚</strong></span> <span class='ocrx_word' id='word_1_85' title='bbox 863 1073 1072 1145; x_wconf 90' lang='lat' dir='ltr'><strong>quoties</strong></span> <span class='ocrx_word' id='word_1_86' title='bbox 1096 1075 1376 1127; x_wconf 88' lang='lat' dir='ltr'><strong>verborum</strong></span> <span class='ocrx_word' id='word_1_87' title='bbox 1403 1073 1725 1145; x_wconf 84' lang='lat' dir='ltr'><strong>ambiguitas</strong></span> <span class='ocrx_word' id='word_1_88' title='bbox 1750 1092 1870 1126; x_wconf 90' lang='lat' dir='ltr'><strong>cum</strong></span> <span class='ocrx_word' id='word_1_89' title='bbox 1897 1088 2074 1128; x_wconf 85' lang='lat' dir='ltr'><strong>rerum</strong></span> 
     </span>
     <span class='ocr_line' id='line_1_14' title="bbox 355 1143 2150 1218; baseline 0.002 -22"><span class='ocrx_word' id='word_1_90' title='bbox 355 1144 478 1197; x_wconf 83' lang='lat' dir='ltr'><strong>falsa</strong></span> <span class='ocrx_word' id='word_1_91' title='bbox 500 1144 730 1216; x_wconf 86' lang='lat' dir='ltr'><strong>quadam</strong></span> <span class='ocrx_word' id='word_1_92' title='bbox 756 1144 1099 1198; x_wconf 71' lang='lat' dir='ltr'><strong>similitudine</strong></span> <span class='ocrx_word' id='word_1_93' title='bbox 1111 1145 1377 1217; x_wconf 84' lang='lat' dir='ltr'><strong>jungitur.</strong></span> <span class='ocrx_word' id='word_1_94' title='bbox 1452 1145 1668 1197; x_wconf 87' lang='lat' dir='ltr'><strong>Clarum</strong></span> <span class='ocrx_word' id='word_1_95' title='bbox 1694 1143 1960 1198; x_wconf 53' lang='lat' dir='ltr'><strong>aridiorem</strong></span> <span class='ocrx_word' id='word_1_96' title='bbox 1976 1145 2071 1218; x_wconf 81' lang='lat' dir='ltr'><strong>ju-</strong></span> <span class='ocrx_word' id='word_1_97' title='bbox 2142 1169 2150 1199; x_wconf 74' lang='grc'><strong>·,</strong></span> 
     </span>
     <span class='ocr_line' id='line_1_15' title="bbox 359 1207 2073 1288; baseline 0.002 -20"><span class='ocrx_word' id='word_1_98' title='bbox 359 1216 506 1269; x_wconf 87' lang='lat' dir='ltr'><strong>venis</strong></span> <span class='ocrx_word' id='word_1_99' title='bbox 530 1207 726 1281; x_wconf 87' lang='lat' dir='ltr'><strong>audivi,</strong></span> <span class='ocrx_word' id='word_1_100' title='bbox 749 1235 872 1269; x_wconf 87' lang='lat' dir='ltr'><strong>cum</strong></span> <span class='ocrx_word' id='word_1_101' title='bbox 901 1215 1040 1270; x_wconf 59' lang='lat' dir='ltr'><strong>lecta</strong></span> <span class='ocrx_word' id='word_1_102' title='bbox 1076 1227 1136 1269; x_wconf 81' lang='lat' dir='ltr'><strong>e³</strong></span> <span class='ocrx_word' id='word_1_103' title='bbox 1166 1216 1338 1288; x_wconf 87' lang='lat' dir='ltr'><strong>capite</strong></span> <span class='ocrx_word' id='word_1_104' title='bbox 1362 1214 1630 1288; x_wconf 89' lang='lat' dir='ltr'><strong>cujusdam</strong></span> <span class='ocrx_word' id='word_1_105' title='bbox 1663 1216 1768 1268; x_wconf 82' lang='lat' dir='ltr'><strong>offa</strong></span> <span class='ocrx_word' id='word_1_106' title='bbox 1801 1214 2073 1271; x_wconf 83' lang='lat' dir='ltr'><strong>sententiae</strong></span> 
     </span>
    </p>
   </div>
   <div class='ocr_carea' id='block_1_7' title="bbox 413 1402 722 1440">
    <p class='ocr_par' dir='ltr' id='par_1_7' title="bbox 413 1402 722 1440">
     <span class='ocr_line' id='line_1_16' title="bbox 413 1402 722 1440; baseline 0.003 -1"><span class='ocrx_word' id='word_1_107' title='bbox 413 1410 436 1433; x_wconf 83' lang='lat' dir='ltr'><strong>n</strong></span> <span class='ocrx_word' id='word_1_108' title='bbox 457 1415 524 1440; x_wconf 82' lang='lat' dir='ltr'><strong>om.</strong></span> <span class='ocrx_word' id='word_1_109' title='bbox 547 1402 598 1440; x_wconf 87' lang='lat' dir='ltr'><strong>G.</strong></span> <span class='ocrx_word' id='word_1_110' title='bbox 617 1402 722 1440; x_wconf 82' lang='lat' dir='ltr'><strong>Jens.</strong></span> 
     </span>
    </p>
   </div>
   <div class='ocr_carea' id='block_1_8' title="bbox 831 1401 1207 1441">
    <p class='ocr_par' dir='ltr' id='par_1_8' title="bbox 831 1401 1207 1441">
     <span class='ocr_line' id='line_1_17' title="bbox 831 1401 1207 1441; baseline 0 -1"><span class='ocrx_word' id='word_1_111' title='bbox 831 1406 850 1426; x_wconf 80' lang='lat'><strong>0</strong></span> <span class='ocrx_word' id='word_1_112' title='bbox 872 1401 1136 1441; x_wconf 82' lang='lat' dir='ltr'><strong>bene—male</strong></span> <span class='ocrx_word' id='word_1_113' title='bbox 1157 1402 1207 1440; x_wconf 88' lang='lat' dir='ltr'><strong>G.</strong></span> 
     </span>
    </p>
   </div>
   <div class='ocr_carea' id='block_1_9' title="bbox 1314 1396 2076 1442">
    <p class='ocr_par' dir='ltr' id='par_1_9' title="bbox 1314 1396 2076 1442">
     <span class='ocr_line' id='line_1_18' title="bbox 1314 1396 2076 1442; baseline 0 -2"><span class='ocrx_word' id='word_1_114' title='bbox 1314 1406 1335 1434; x_wconf 69' lang='grc' dir='ltr'><strong>ν</strong></span> <span class='ocrx_word' id='word_1_115' title='bbox 1363 1415 1430 1440; x_wconf 74' lang='lat' dir='ltr'><strong>om.</strong></span> <span class='ocrx_word' id='word_1_116' title='bbox 1452 1401 1503 1440; x_wconf 91' lang='lat' dir='ltr'><strong>G.</strong></span> <span class='ocrx_word' id='word_1_117' title='bbox 1613 1405 1630 1431; x_wconf 72' lang='grc' dir='ltr'><strong>«ι</strong></span> <span class='ocrx_word' id='word_1_118' title='bbox 1665 1415 1734 1440; x_wconf 82' lang='lat' dir='ltr'><strong>om.</strong></span> <span class='ocrx_word' id='word_1_119' title='bbox 1751 1401 1857 1442; x_wconf 78' lang='lat' dir='ltr'><strong>sens.</strong></span> <span class='ocrx_word' id='word_1_120' title='bbox 1965 1406 1982 1430; x_wconf 67' lang='grc' dir='ltr'><strong>τ</strong></span> <span class='ocrx_word' id='word_1_121' title='bbox 2007 1396 2076 1441; x_wconf 56' lang='lat' dir='ltr'><strong>sii.-</strong></span> 
     </span>
    </p>
   </div>
   <div class='ocr_carea' id='block_1_10' title="bbox 358 1453 2080 1615">
    <p class='ocr_par' dir='ltr' id='par_1_10' title="bbox 358 1453 2080 1615">
     <span class='ocr_line' id='line_1_19' title="bbox 358 1453 2076 1508; baseline 0.002 -16"><span class='ocrx_word' id='word_1_122' title='bbox 358 1454 411 1493; x_wconf 83' lang='lat' dir='ltr'><strong>G.</strong></span> <span class='ocrx_word' id='word_1_123' title='bbox 430 1456 533 1494; x_wconf 88' lang='lat' dir='ltr'><strong>Jens.</strong></span> <span class='ocrx_word' id='word_1_124' title='bbox 555 1464 590 1493; x_wconf 83' lang='lat' dir='ltr'><strong>et</strong></span> <span class='ocrx_word' id='word_1_125' title='bbox 613 1456 700 1495; x_wconf 83' lang='lat' dir='ltr'><strong>Cod.</strong></span> <span class='ocrx_word' id='word_1_126' title='bbox 721 1457 897 1508; x_wconf 67' lang='lat' dir='ltr'><strong>Bongatfi</strong></span> <span class='ocrx_word' id='word_1_127' title='bbox 918 1455 1088 1494; x_wconf 83' lang='lat' dir='ltr'><strong>laudatus</strong></span> <span class='ocrx_word' id='word_1_128' title='bbox 1105 1455 1294 1507; x_wconf 75' lang='lat' dir='ltr'><strong>Salmqfio.</strong></span> <span class='ocrx_word' id='word_1_129' title='bbox 1338 1458 1387 1494; x_wconf 85' lang='lat' dir='ltr'><strong>At</strong></span> <span class='ocrx_word' id='word_1_130' title='bbox 1407 1455 1530 1506; x_wconf 85' lang='lat' dir='ltr'><strong>digito</strong></span> <span class='ocrx_word' id='word_1_131' title='bbox 1548 1453 1600 1493; x_wconf 77' lang='lat' dir='ltr'><strong>nl.</strong></span> <span class='ocrx_word' id='word_1_132' title='bbox 1614 1455 1713 1493; x_wconf 80' lang='lat' dir='ltr'><strong>mihi</strong></span> <span class='ocrx_word' id='word_1_133' title='bbox 1731 1455 1797 1508; x_wconf 67' lang='lat' dir='ltr'><strong>itgfi</strong></span> <span class='ocrx_word' id='word_1_134' title='bbox 1805 1456 1887 1507; x_wconf 62' lang='lat' dir='ltr'><strong>post</strong></span> <span class='ocrx_word' id='word_1_135' title='bbox 1902 1455 2076 1507; x_wconf 77' lang='lat' dir='ltr'><strong>digitum</strong></span> 
     </span>
     <span class='ocr_line' id='line_1_20' title="bbox 359 1508 2080 1562; baseline 0.001 -14"><span class='ocrx_word' id='word_1_136' title='bbox 359 1509 411 1548; x_wconf 88' lang='lat' dir='ltr'><strong>G.</strong></span> <span class='ocrx_word' id='word_1_137' title='bbox 431 1510 481 1548; x_wconf 89' lang='lat' dir='ltr'><strong>ad</strong></span> <span class='ocrx_word' id='word_1_138' title='bbox 503 1510 673 1558; x_wconf 82' lang='lat' dir='ltr'><strong>digitum</strong></span> <span class='ocrx_word' id='word_1_139' title='bbox 700 1522 835 1560; x_wconf 88' lang='lat' dir='ltr'><strong>pugna</strong></span> <span class='ocrx_word' id='word_1_140' title='bbox 855 1511 955 1548; x_wconf 89' lang='lat' dir='ltr'><strong>mihi</strong></span> <span class='ocrx_word' id='word_1_141' title='bbox 976 1512 1030 1548; x_wconf 89' lang='lat' dir='ltr'><strong>est</strong></span> <span class='ocrx_word' id='word_1_142' title='bbox 1049 1510 1140 1548; x_wconf 81' lang='lat' dir='ltr'><strong>MS.</strong></span> <span class='ocrx_word' id='word_1_143' title='bbox 1162 1511 1274 1549; x_wconf 82' lang='lat' dir='ltr'><strong>Joan.</strong></span> <span class='ocrx_word' id='word_1_144' title='bbox 1291 1518 1353 1559; x_wconf 83' lang='lat' dir='ltr'><strong>ap.</strong></span> <span class='ocrx_word' id='word_1_145' title='bbox 1372 1511 1466 1548; x_wconf 87' lang='lat' dir='ltr'><strong>Bur.</strong></span> <span class='ocrx_word' id='word_1_146' title='bbox 1486 1521 1522 1547; x_wconf 80' lang='lat' dir='ltr'><strong>a.</strong></span> <span class='ocrx_word' id='word_1_147' title='bbox 1542 1508 1581 1547; x_wconf 86' lang='lat' dir='ltr'><strong>d.</strong></span> <span class='ocrx_word' id='word_1_148' title='bbox 1603 1509 1706 1548; x_wconf 87' lang='lat' dir='ltr'><strong>mihi</strong></span> <span class='ocrx_word' id='word_1_149' title='bbox 1726 1522 1860 1560; x_wconf 84' lang='lat' dir='ltr'><strong>pugna</strong></span> <span class='ocrx_word' id='word_1_150' title='bbox 1877 1510 1933 1548; x_wconf 82' lang='lat' dir='ltr'><strong>est</strong></span> <span class='ocrx_word' id='word_1_151' title='bbox 1949 1523 2080 1562; x_wconf 69' lang='lat' dir='ltr'><strong>marga</strong></span> 
     </span>
     <span class='ocr_line' id='line_1_21' title="bbox 358 1563 2075 1615; baseline 0.003 -17"><span class='ocrx_word' id='word_1_152' title='bbox 358 1563 415 1600; x_wconf 84' lang='lat' dir='ltr'><strong>Va</strong></span> <span class='ocrx_word' id='word_1_153' title='bbox 432 1578 462 1602; x_wconf 85' lang='lat' dir='ltr'><strong>c.</strong></span> <span class='ocrx_word' id='word_1_154' title='bbox 482 1563 610 1614; x_wconf 78' lang='lat' dir='ltr'><strong>Steph.</strong></span> <span class='ocrx_word' id='word_1_155' title='bbox 632 1563 728 1615; x_wconf 86' lang='lat' dir='ltr'><strong>quod</strong></span> <span class='ocrx_word' id='word_1_156' title='bbox 736 1564 871 1614; x_wconf 83' lang='lat' dir='ltr'><strong>prohat</strong></span> <span class='ocrx_word' id='word_1_157' title='bbox 890 1564 1070 1602; x_wconf 80' lang='lat' dir='ltr'><strong>Ramirez</strong></span> <span class='ocrx_word' id='word_1_158' title='bbox 1087 1564 1115 1603; x_wconf 88' lang='lat' dir='ltr'><strong>l.</strong></span> <span class='ocrx_word' id='word_1_159' title='bbox 1134 1575 1171 1603; x_wconf 88' lang='lat' dir='ltr'><strong>c.</strong></span> <span class='ocrx_word' id='word_1_160' title='bbox 1203 1564 1268 1603; x_wconf 89' lang='lat' dir='ltr'><strong>Da</strong></span> <span class='ocrx_word' id='word_1_161' title='bbox 1295 1564 1467 1614; x_wconf 83' lang='lat' dir='ltr'><strong>digitum</strong></span> <span class='ocrx_word' id='word_1_162' title='bbox 1487 1563 1605 1611; x_wconf 84' lang='lat' dir='ltr'><strong>mihi,</strong></span> <span class='ocrx_word' id='word_1_163' title='bbox 1626 1563 1815 1614; x_wconf 71' lang='lat' dir='ltr'><strong>pugnabo</strong></span> <span class='ocrx_word' id='word_1_164' title='bbox 1832 1563 1924 1615; x_wconf 62' lang='lat' dir='ltr'><strong>bory‘.</strong></span> <span class='ocrx_word' id='word_1_165' title='bbox 1941 1564 2075 1603; x_wconf 79' lang='lat' dir='ltr'><strong>Bam.</strong></span> 
     </span>
    </p>
   </div>
   <div class='ocr_carea' id='block_1_11' title="bbox 361 1617 990 1669">
    <p class='ocr_par' dir='ltr' id='par_1_11' title="bbox 361 1617 990 1669">
     <span class='ocr_line' id='line_1_22' title="bbox 361 1617 990 1669; baseline 0.002 -13"><span class='ocrx_word' id='word_1_166' title='bbox 361 1624 375 1642; x_wconf 79' lang='lat'><strong>³</strong></span> <span class='ocrx_word' id='word_1_167' title='bbox 407 1617 452 1656; x_wconf 83' lang='lat' dir='ltr'><strong>in</strong></span> <span class='ocrx_word' id='word_1_168' title='bbox 472 1617 524 1656; x_wconf 85' lang='lat' dir='ltr'><strong>G.</strong></span> <span class='ocrx_word' id='word_1_169' title='bbox 536 1618 642 1656; x_wconf 86' lang='lat' dir='ltr'><strong>Jens.</strong></span> <span class='ocrx_word' id='word_1_170' title='bbox 653 1622 755 1659; x_wconf 61' lang='lat' dir='ltr'><strong>,reae</strong></span> <span class='ocrx_word' id='word_1_171' title='bbox 766 1626 870 1669; x_wconf 79' lang='lat' dir='ltr'><strong>puto.</strong></span> <span class='ocrx_word' id='word_1_172' title='bbox 890 1631 932 1656; x_wconf 79' lang='lat' dir='ltr'><strong>v.</strong></span> <span class='ocrx_word' id='word_1_173' title='bbox 953 1632 990 1657; x_wconf 89' lang='lat' dir='ltr'><strong>n.</strong></span> 
     </span>
    </p>
   </div>
   <div class='ocr_carea' id='block_1_12' title="bbox 350 1777 1182 3572">
    <p class='ocr_par' dir='ltr' id='par_1_12' title="bbox 353 1777 1181 2533">
     <span class='ocr_line' id='line_1_23' title="bbox 422 1777 1180 1836; baseline 0.001 -15"><span class='ocrx_word' id='word_1_174' title='bbox 422 1794 492 1835; x_wconf 89' lang='lat'><strong>19.</strong></span> <span class='ocrx_word' id='word_1_175' title='bbox 521 1778 697 1822; x_wconf 84' lang='lat' dir='ltr'><strong>decimas</strong></span> <span class='ocrx_word' id='word_1_176' title='bbox 727 1777 941 1832; x_wconf 86' lang='lat' dir='ltr'><em>uxoribus]</em></span> <span class='ocrx_word' id='word_1_177' title='bbox 982 1777 1180 1836; x_wconf 84' lang='lat' dir='ltr'><strong>Disputat</strong></span> 
     </span>
     <span class='ocr_line' id='line_1_24' title="bbox 355 1836 1181 1890; baseline 0.001 -11"><span class='ocrx_word' id='word_1_178' title='bbox 355 1837 407 1879; x_wconf 88' lang='lat' dir='ltr'><strong>de</strong></span> <span class='ocrx_word' id='word_1_179' title='bbox 426 1836 502 1879; x_wconf 92' lang='lat' dir='ltr'><strong>hoc</strong></span> <span class='ocrx_word' id='word_1_180' title='bbox 526 1837 617 1879; x_wconf 85' lang='lat' dir='ltr'><strong>loco</strong></span> <span class='ocrx_word' id='word_1_181' title='bbox 636 1837 827 1880; x_wconf 85' lang='lat' dir='ltr'><strong>laudatus</strong></span> <span class='ocrx_word' id='word_1_182' title='bbox 839 1837 924 1890; x_wconf 87' lang='lat' dir='ltr'><strong>jam</strong></span> <span class='ocrx_word' id='word_1_183' title='bbox 941 1838 1181 1880; x_wconf 88' lang='lat' dir='ltr'><strong>Burmanno</strong></span> 
     </span>
     <span class='ocr_line' id='line_1_25' title="bbox 357 1894 1180 1951; baseline -0.001 -13"><span class='ocrx_word' id='word_1_184' title='bbox 357 1896 594 1938; x_wconf 82' lang='lat' dir='ltr'><strong>Perizonius</strong></span> <span class='ocrx_word' id='word_1_185' title='bbox 613 1895 896 1946; x_wconf 76' lang='lat' dir='ltr'><strong>disset-tatione,</strong></span> <span class='ocrx_word' id='word_1_186' title='bbox 917 1910 1010 1951; x_wconf 89' lang='lat' dir='ltr'><strong>quae</strong></span> <span class='ocrx_word' id='word_1_187' title='bbox 1039 1894 1180 1937; x_wconf 85' lang='lat' dir='ltr'><strong>secun-</strong></span> 
     </span>
     <span class='ocr_line' id='line_1_26' title="bbox 353 1952 1176 2010; baseline 0.001 -15"><span class='ocrx_word' id='word_1_188' title='bbox 353 1955 411 1995; x_wconf 88' lang='lat' dir='ltr'><strong>da</strong></span> <span class='ocrx_word' id='word_1_189' title='bbox 438 1953 491 1995; x_wconf 88' lang='lat' dir='ltr'><strong>est</strong></span> <span class='ocrx_word' id='word_1_190' title='bbox 526 1955 567 1995; x_wconf 91' lang='lat' dir='ltr'><strong>in</strong></span> <span class='ocrx_word' id='word_1_191' title='bbox 596 1953 726 1996; x_wconf 85' lang='lat' dir='ltr'><strong>triade</strong></span> <span class='ocrx_word' id='word_1_192' title='bbox 748 1954 798 1995; x_wconf 88' lang='lat' dir='ltr'><strong>de</strong></span> <span class='ocrx_word' id='word_1_193' title='bbox 818 1952 907 2010; x_wconf 81' lang='lat' dir='ltr'><strong>lege</strong></span> <span class='ocrx_word' id='word_1_194' title='bbox 927 1954 1111 1995; x_wconf 86' lang='lat' dir='ltr'><strong>Voconia</strong></span> <span class='ocrx_word' id='word_1_195' title='bbox 1132 1969 1176 2010; x_wconf 88' lang='lat' dir='ltr'><strong>p.</strong></span> 
     </span>
     <span class='ocr_line' id='line_1_27' title="bbox 358 2011 1176 2068; baseline 0 -14"><span class='ocrx_word' id='word_1_196' title='bbox 358 2011 740 2068; x_wconf 85' lang='lat' dir='ltr'><strong>210,observatq&#39;ue</strong></span> <span class='ocrx_word' id='word_1_197' title='bbox 759 2026 808 2053; x_wconf 87' lang='lat' dir='ltr'><strong>ex</strong></span> <span class='ocrx_word' id='word_1_198' title='bbox 829 2012 995 2053; x_wconf 86' lang='lat' dir='ltr'><strong>Sueton.</strong></span> <span class='ocrx_word' id='word_1_199' title='bbox 1012 2012 1176 2054; x_wconf 88' lang='lat' dir='ltr'><strong>Domit.</strong></span> 
     </span>
     <span class='ocr_line' id='line_1_28' title="bbox 356 2069 1177 2126; baseline 0 -14"><span class='ocrx_word' id='word_1_200' title='bbox 356 2085 397 2112; x_wconf 91' lang='lat' dir='ltr'><strong>c.</strong></span> <span class='ocrx_word' id='word_1_201' title='bbox 423 2074 464 2120; x_wconf 89' lang='lat'><strong>8,</strong></span> <span class='ocrx_word' id='word_1_202' title='bbox 486 2069 608 2123; x_wconf 80' lang='lat' dir='ltr'><strong>hujus</strong></span> <span class='ocrx_word' id='word_1_203' title='bbox 639 2071 902 2126; x_wconf 83' lang='lat' dir='ltr'><strong>Imperatoris</strong></span> <span class='ocrx_word' id='word_1_204' title='bbox 934 2069 1020 2126; x_wconf 84' lang='lat' dir='ltr'><strong>lege</strong></span> <span class='ocrx_word' id='word_1_205' title='bbox 1039 2069 1177 2112; x_wconf 84' lang='lat' dir='ltr'><strong>adem-</strong></span> 
     </span>
     <span class='ocr_line' id='line_1_29' title="bbox 358 2127 1178 2186; baseline 0.002 -17"><span class='ocrx_word' id='word_1_206' title='bbox 358 2136 449 2184; x_wconf 85' lang='lat' dir='ltr'><strong>tum</strong></span> <span class='ocrx_word' id='word_1_207' title='bbox 479 2128 680 2186; x_wconf 85' lang='lat' dir='ltr'><strong>probrofis</strong></span> <span class='ocrx_word' id='word_1_208' title='bbox 709 2127 873 2170; x_wconf 84' lang='lat' dir='ltr'><strong>feminis</strong></span> <span class='ocrx_word' id='word_1_209' title='bbox 887 2128 957 2181; x_wconf 86' lang='lat' dir='ltr'><strong>jus</strong></span> <span class='ocrx_word' id='word_1_210' title='bbox 988 2128 1178 2184; x_wconf 84' lang='lat' dir='ltr'><strong>capiendi</strong></span> 
     </span>
     <span class='ocr_line' id='line_1_30' title="bbox 356 2185 1173 2243; baseline 0 -15"><span class='ocrx_word' id='word_1_211' title='bbox 356 2185 492 2242; x_wconf 87' lang='lat' dir='ltr'><strong>legata</strong></span> <span class='ocrx_word' id='word_1_212' title='bbox 511 2185 850 2243; x_wconf 72' lang='lat' dir='ltr'><strong>hereditatesquez</strong></span> <span class='ocrx_word' id='word_1_213' title='bbox 874 2195 914 2227; x_wconf 90' lang='lat' dir='ltr'><strong>et</strong></span> <span class='ocrx_word' id='word_1_214' title='bbox 934 2185 1173 2243; x_wconf 89' lang='lat' dir='ltr'><strong>suspicatur,</strong></span> 
     </span>
     <span class='ocr_line' id='line_1_31' title="bbox 358 2243 1176 2300; baseline 0 -14"><span class='ocrx_word' id='word_1_215' title='bbox 358 2243 669 2300; x_wconf 85' lang='lat' dir='ltr'><strong>Spatalen-hanc</strong></span> <span class='ocrx_word' id='word_1_216' title='bbox 699 2243 804 2286; x_wconf 89' lang='lat' dir='ltr'><strong>forte</strong></span> <span class='ocrx_word' id='word_1_217' title='bbox 822 2254 994 2285; x_wconf 85' lang='lat' dir='ltr'><strong>matrem</strong></span> <span class='ocrx_word' id='word_1_218' title='bbox 1015 2243 1176 2299; x_wconf 86' lang='lat' dir='ltr'><strong>aliquot</strong></span> 
     </span>
     <span class='ocr_line' id='line_1_32' title="bbox 354 2299 1180 2359; baseline 0.002 -16"><span class='ocrx_word' id='word_1_219' title='bbox 354 2301 580 2344; x_wconf 83' lang='lat' dir='ltr'><strong>liberorum</strong></span> <span class='ocrx_word' id='word_1_220' title='bbox 601 2301 730 2353; x_wconf 89' lang='lat' dir='ltr'><strong>fuisse,</strong></span> <span class='ocrx_word' id='word_1_221' title='bbox 751 2312 799 2344; x_wconf 89' lang='lat' dir='ltr'><strong>ut</strong></span> <span class='ocrx_word' id='word_1_222' title='bbox 824 2316 871 2344; x_wconf 86' lang='lat' dir='ltr'><strong>ea</strong></span> <span class='ocrx_word' id='word_1_223' title='bbox 890 2299 1020 2344; x_wconf 82' lang='lat' dir='ltr'><strong>cauffa</strong></span> <span class='ocrx_word' id='word_1_224' title='bbox 1040 2315 1180 2359; x_wconf 84' lang='lat' dir='ltr'><strong>capere</strong></span> 
     </span>
     <span class='ocr_line' id='line_1_33' title="bbox 356 2358 1180 2417; baseline -0.001 -13"><span class='ocrx_word' id='word_1_225' title='bbox 356 2359 431 2417; x_wconf 71' lang='lat' dir='ltr'><strong>ipsi</strong></span> <span class='ocrx_word' id='word_1_226' title='bbox 452 2369 613 2402; x_wconf 88' lang='lat' dir='ltr'><strong>tantum</strong></span> <span class='ocrx_word' id='word_1_227' title='bbox 628 2360 789 2403; x_wconf 83' lang='lat' dir='ltr'><strong>licuerit</strong></span> <span class='ocrx_word' id='word_1_228' title='bbox 807 2379 816 2401; x_wconf 71' lang='grc' dir='ltr'><strong><em>ι</em></strong></span> <span class='ocrx_word' id='word_1_229' title='bbox 848 2358 1025 2402; x_wconf 82' lang='lat' dir='ltr'><strong>decimas</strong></span> <span class='ocrx_word' id='word_1_230' title='bbox 1043 2369 1180 2403; x_wconf 88' lang='lat' dir='ltr'><strong>autem</strong></span> 
     </span>
     <span class='ocr_line' id='line_1_34' title="bbox 355 2417 1178 2476; baseline 0.001 -16"><span class='ocrx_word' id='word_1_231' title='bbox 355 2432 531 2460; x_wconf 86' lang='lat' dir='ltr'><strong>uxorum</strong></span> <span class='ocrx_word' id='word_1_232' title='bbox 548 2417 722 2475; x_wconf 82' lang='lat' dir='ltr'><strong>intelligi</strong></span> <span class='ocrx_word' id='word_1_233' title='bbox 735 2432 889 2468; x_wconf 86' lang='lat' dir='ltr'><strong>earum,</strong></span> <span class='ocrx_word' id='word_1_234' title='bbox 906 2430 1000 2474; x_wconf 84' lang='lat' dir='ltr'><strong>quae</strong></span> <span class='ocrx_word' id='word_1_235' title='bbox 1014 2431 1095 2460; x_wconf 90' lang='lat' dir='ltr'><strong>non</strong></span> <span class='ocrx_word' id='word_1_236' title='bbox 1110 2433 1178 2476; x_wconf 86' lang='lat' dir='ltr'><strong>pe·</strong></span> 
     </span>
     <span class='ocr_line' id='line_1_35' title="bbox 359 2475 643 2533; baseline 0.004 -17"><span class='ocrx_word' id='word_1_237' title='bbox 359 2475 547 2533; x_wconf 79' lang='lat' dir='ltr'><strong>periffent</strong></span> <span class='ocrx_word' id='word_1_238' title='bbox 563 2476 643 2518; x_wconf 87' lang='lat' dir='ltr'><strong>&amp;c.</strong></span> 
     </span>
    </p>

    <p class='ocr_par' dir='ltr' id='par_1_13' title="bbox 359 2532 1182 2648">
     <span class='ocr_line' id='line_1_36' title="bbox 420 2532 1180 2589; baseline 0.001 -15"><span class='ocrx_word' id='word_1_239' title='bbox 420 2548 492 2575; x_wconf 92' lang='lat'><strong>20.</strong></span> <span class='ocrx_word' id='word_1_240' title='bbox 510 2534 692 2589; x_wconf 76' lang='lat' dir='ltr'><strong>Jbrorem</strong></span> <span class='ocrx_word' id='word_1_241' title='bbox 705 2532 911 2589; x_wconf 82' lang='lat' dir='ltr'><strong>gladiat.]</strong></span> <span class='ocrx_word' id='word_1_242' title='bbox 943 2532 1044 2574; x_wconf 89' lang='lat' dir='ltr'><strong>vid.</strong></span> <span class='ocrx_word' id='word_1_243' title='bbox 1062 2532 1093 2575; x_wconf 90' lang='lat' dir='ltr'><strong>s.</strong></span> <span class='ocrx_word' id='word_1_244' title='bbox 1109 2548 1180 2575; x_wconf 83' lang='lat'><strong>12.</strong></span> 
     </span>
     <span class='ocr_line' id='line_1_37' title="bbox 359 2590 1182 2648; baseline 0.001 -16"><span class='ocrx_word' id='word_1_245' title='bbox 359 2591 435 2633; x_wconf 86' lang='lat' dir='ltr'><strong>Sed</strong></span> <span class='ocrx_word' id='word_1_246' title='bbox 453 2592 557 2647; x_wconf 89' lang='lat' dir='ltr'><strong>quid</strong></span> <span class='ocrx_word' id='word_1_247' title='bbox 576 2591 648 2633; x_wconf 80' lang='lat' dir='ltr'><strong>sibi</strong></span> <span class='ocrx_word' id='word_1_248' title='bbox 667 2591 765 2632; x_wconf 87' lang='lat' dir='ltr'><strong>velit</strong></span> <span class='ocrx_word' id='word_1_249' title='bbox 786 2592 871 2634; x_wconf 79' lang='lat' dir='ltr'><strong>haec</strong></span> <span class='ocrx_word' id='word_1_250' title='bbox 891 2590 1087 2633; x_wconf 84' lang='lat' dir='ltr'><strong>sententia</strong></span> <span class='ocrx_word' id='word_1_251' title='bbox 1106 2605 1182 2648; x_wconf 86' lang='lat' dir='ltr'><strong>pro</strong></span> 
     </span>
    </p>

    <p class='ocr_par' dir='ltr' id='par_1_14' title="bbox 350 2648 1181 3572">
     <span class='ocr_line' id='line_1_38' title="bbox 392 2648 1177 2697; baseline 0.001 -7"><span class='ocrx_word' id='word_1_252' title='bbox 392 2649 584 2691; x_wconf 86' lang='lat' dir='ltr'><strong>ladiatore</strong></span> <span class='ocrx_word' id='word_1_253' title='bbox 621 2650 811 2697; x_wconf 81' lang='lat' dir='ltr'><strong>dicentis,</strong></span> <span class='ocrx_word' id='word_1_254' title='bbox 851 2649 1070 2691; x_wconf 88' lang='lat' dir='ltr'><strong>obscurum</strong></span> <span class='ocrx_word' id='word_1_255' title='bbox 1107 2648 1177 2691; x_wconf 82' lang='lat' dir='ltr'><strong>est.</strong></span> 
     </span>
     <span class='ocr_line' id='line_1_39' title="bbox 357 2666 1179 2764; baseline -0.002 -15"><span class='ocrx_word' id='word_1_256' title='bbox 357 2666 442 2750; x_wconf 52' lang='lat' dir='ltr'><strong>{ro</strong></span> <span class='ocrx_word' id='word_1_257' title='bbox 463 2706 701 2764; x_wconf 80' lang='lat' dir='ltr'><strong>simpliciore</strong></span> <span class='ocrx_word' id='word_1_258' title='bbox 719 2705 856 2762; x_wconf 85' lang='lat' dir='ltr'><strong>digitis</strong></span> <span class='ocrx_word' id='word_1_259' title='bbox 867 2713 1054 2761; x_wconf 81' lang='lat' dir='ltr'><strong>pugnare</strong></span> <span class='ocrx_word' id='word_1_260' title='bbox 1073 2705 1179 2763; x_wconf 72' lang='lat' dir='ltr'><strong>poli-</strong></span> 
     </span>
     <span class='ocr_line' id='line_1_40' title="bbox 356 2764 1177 2821; baseline 0.001 -16"><span class='ocrx_word' id='word_1_261' title='bbox 356 2773 448 2807; x_wconf 88' lang='lat' dir='ltr'><strong>tum</strong></span> <span class='ocrx_word' id='word_1_262' title='bbox 487 2765 545 2806; x_wconf 88' lang='lat' dir='ltr'><strong>ait</strong></span> <span class='ocrx_word' id='word_1_263' title='bbox 579 2764 707 2807; x_wconf 86' lang='lat' dir='ltr'><strong>Salm.</strong></span> <span class='ocrx_word' id='word_1_264' title='bbox 743 2764 794 2805; x_wconf 87' lang='lat' dir='ltr'><strong>ad</strong></span> <span class='ocrx_word' id='word_1_265' title='bbox 828 2764 970 2820; x_wconf 85' lang='lat' dir='ltr'><strong>Vopis.</strong></span> <span class='ocrx_word' id='word_1_266' title='bbox 1004 2764 1103 2806; x_wconf 87' lang='lat' dir='ltr'><strong>Cari</strong></span> <span class='ocrx_word' id='word_1_267' title='bbox 1133 2779 1177 2821; x_wconf 89' lang='lat' dir='ltr'><strong>p.</strong></span> 
     </span>
     <span class='ocr_line' id='line_1_41' title="bbox 358 2821 1180 2874; baseline 0 -10"><span class='ocrx_word' id='word_1_268' title='bbox 358 2826 441 2874; x_wconf 83' lang='lat'><strong>830</strong></span> <span class='ocrx_word' id='word_1_269' title='bbox 473 2823 614 2865; x_wconf 86' lang='lat' dir='ltr'><strong>Hack.</strong></span> <span class='ocrx_word' id='word_1_270' title='bbox 656 2823 731 2864; x_wconf 90' lang='lat' dir='ltr'><strong>ubi</strong></span> <span class='ocrx_word' id='word_1_271' title='bbox 766 2821 980 2868; x_wconf 64' lang='lat' dir='ltr'><strong>lefitionem</strong></span> <span class='ocrx_word' id='word_1_272' title='bbox 1006 2821 1180 2864; x_wconf 84' lang='lat' dir='ltr'><strong>nostram</strong></span> 
     </span>
     <span class='ocr_line' id='line_1_42' title="bbox 357 2879 1179 2936; baseline 0.001 -15"><span class='ocrx_word' id='word_1_273' title='bbox 357 2896 380 2922; x_wconf 89' lang='lat' dir='ltr'><strong>e</strong></span> <span class='ocrx_word' id='word_1_274' title='bbox 395 2880 667 2936; x_wconf 81' lang='lat' dir='ltr'><strong>Bongarfiano</strong></span> <span class='ocrx_word' id='word_1_275' title='bbox 686 2880 826 2922; x_wconf 86' lang='lat' dir='ltr'><strong>codice</strong></span> <span class='ocrx_word' id='word_1_276' title='bbox 846 2879 999 2921; x_wconf 85' lang='lat' dir='ltr'><strong>firmat.</strong></span> <span class='ocrx_word' id='word_1_277' title='bbox 1031 2881 1179 2922; x_wconf 84' lang='lat' dir='ltr'><strong>Varias</strong></span> 
     </span>
     <span class='ocr_line' id='line_1_43' title="bbox 356 2935 1178 2994; baseline -0.001 -14"><span class='ocrx_word' id='word_1_278' title='bbox 356 2937 708 2994; x_wconf 85' lang='lat' dir='ltr'><strong>interpretationes</strong></span> <span class='ocrx_word' id='word_1_279' title='bbox 729 2937 850 2993; x_wconf 76' lang='lat' dir='ltr'><strong>ipsius</strong></span> <span class='ocrx_word' id='word_1_280' title='bbox 868 2935 1055 2979; x_wconf 86' lang='lat' dir='ltr'><strong>formulae</strong></span> <span class='ocrx_word' id='word_1_281' title='bbox 1077 2937 1178 2979; x_wconf 85' lang='lat' dir='ltr'><strong>alio-</strong></span> 
     </span>
     <span class='ocr_line' id='line_1_44' title="bbox 355 2994 1179 3038; baseline -0.001 -1"><span class='ocrx_word' id='word_1_282' title='bbox 355 3010 450 3037; x_wconf 85' lang='lat' dir='ltr'><strong>rum</strong></span> <span class='ocrx_word' id='word_1_283' title='bbox 485 3006 525 3038; x_wconf 85' lang='lat' dir='ltr'><strong>et</strong></span> <span class='ocrx_word' id='word_1_284' title='bbox 552 2995 643 3038; x_wconf 84' lang='lat' dir='ltr'><strong>suas</strong></span> <span class='ocrx_word' id='word_1_285' title='bbox 671 2995 785 3037; x_wconf 88' lang='lat' dir='ltr'><strong>dedit</strong></span> <span class='ocrx_word' id='word_1_286' title='bbox 816 2995 964 3037; x_wconf 83' lang='lat' dir='ltr'><strong>Barth.</strong></span> <span class='ocrx_word' id='word_1_287' title='bbox 988 2995 1037 3036; x_wconf 87' lang='lat' dir='ltr'><strong>ad</strong></span> <span class='ocrx_word' id='word_1_288' title='bbox 1065 2994 1179 3036; x_wconf 85' lang='lat' dir='ltr'><strong>Gra-</strong></span> 
     </span>
     <span class='ocr_line' id='line_1_45' title="bbox 353 3052 1177 3106; baseline 0 -12"><span class='ocrx_word' id='word_1_289' title='bbox 353 3055 459 3095; x_wconf 87' lang='lat' dir='ltr'><strong>tium</strong></span> <span class='ocrx_word' id='word_1_290' title='bbox 491 3069 505 3095; x_wconf 73' lang='grc' dir='ltr'><strong>ι</strong></span> <span class='ocrx_word' id='word_1_291' title='bbox 518 3084 530 3104; x_wconf 91' lang='grc'>,</span> <span class='ocrx_word' id='word_1_292' title='bbox 557 3069 626 3106; x_wconf 86' lang='lat'><strong>12,</strong></span> <span class='ocrx_word' id='word_1_293' title='bbox 647 3062 686 3095; x_wconf 83' lang='lat' dir='ltr'><strong>et</strong></span> <span class='ocrx_word' id='word_1_294' title='bbox 706 3054 870 3106; x_wconf 23' lang='lat' dir='ltr'><strong>vid-etur</strong></span> <span class='ocrx_word' id='word_1_295' title='bbox 890 3052 967 3094; x_wconf 83' lang='lat' dir='ltr'><strong>hoc</strong></span> <span class='ocrx_word' id='word_1_296' title='bbox 987 3054 1024 3094; x_wconf 92' lang='lat' dir='ltr'><strong>ei</strong></span> <span class='ocrx_word' id='word_1_297' title='bbox 1044 3054 1177 3095; x_wconf 85' lang='lat' dir='ltr'><strong>maxi-</strong></span> 
     </span>
     <span class='ocr_line' id='line_1_46' title="bbox 350 3109 1179 3168; baseline -0.001 -15"><span class='ocrx_word' id='word_1_298' title='bbox 350 3125 415 3153; x_wconf 87' lang='lat' dir='ltr'><strong>me</strong></span> <span class='ocrx_word' id='word_1_299' title='bbox 446 3111 618 3168; x_wconf 88' lang='lat' dir='ltr'><strong>placere‚</strong></span> <span class='ocrx_word' id='word_1_300' title='bbox 647 3120 695 3153; x_wconf 90' lang='lat' dir='ltr'><strong>ut</strong></span> <span class='ocrx_word' id='word_1_301' title='bbox 722 3109 936 3166; x_wconf 77' lang='lat' dir='ltr'><strong>significet,</strong></span> <span class='ocrx_word' id='word_1_302' title='bbox 970 3125 1018 3152; x_wconf 87' lang='lat' dir='ltr'><strong>eo</strong></span> <span class='ocrx_word' id='word_1_303' title='bbox 1051 3110 1179 3167; x_wconf 90' lang='lat' dir='ltr'><strong>usque</strong></span> 
     </span>
     <span class='ocr_line' id='line_1_47' title="bbox 351 3167 1178 3225; baseline 0.002 -17"><span class='ocrx_word' id='word_1_304' title='bbox 351 3183 553 3225; x_wconf 82' lang='lat' dir='ltr'><strong>pugnare,</strong></span> <span class='ocrx_word' id='word_1_305' title='bbox 573 3169 674 3210; x_wconf 87' lang='lat' dir='ltr'><strong>dum</strong></span> <span class='ocrx_word' id='word_1_306' title='bbox 695 3169 847 3210; x_wconf 79' lang='lat' dir='ltr'><strong>exserto</strong></span> <span class='ocrx_word' id='word_1_307' title='bbox 867 3167 1002 3224; x_wconf 85' lang='lat' dir='ltr'><strong>digito</strong></span> <span class='ocrx_word' id='word_1_308' title='bbox 1022 3168 1178 3211; x_wconf 65' lang='lat' dir='ltr'><strong>vietum</strong></span> 
     </span>
     <span class='ocr_line' id='line_1_48' title="bbox 351 3225 1179 3282; baseline 0.001 -16"><span class='ocrx_word' id='word_1_309' title='bbox 351 3226 391 3266; x_wconf 82' lang='lat' dir='ltr'><strong>se</strong></span> <span class='ocrx_word' id='word_1_310' title='bbox 411 3226 510 3268; x_wconf 80' lang='lat' dir='ltr'><strong>alter</strong></span> <span class='ocrx_word' id='word_1_311' title='bbox 530 3225 730 3268; x_wconf 84' lang='lat' dir='ltr'><strong>fateatur:</strong></span> <span class='ocrx_word' id='word_1_312' title='bbox 755 3225 865 3282; x_wconf 86' lang='lat' dir='ltr'><strong>quod</strong></span> <span class='ocrx_word' id='word_1_313' title='bbox 887 3226 1034 3282; x_wconf 88' lang='lat' dir='ltr'><strong>probat</strong></span> <span class='ocrx_word' id='word_1_314' title='bbox 1055 3226 1179 3268; x_wconf 86' lang='lat' dir='ltr'><strong>etiam</strong></span> 
     </span>
     <span class='ocr_line' id='line_1_49' title="bbox 354 3283 1181 3339; baseline 0 -14"><span class='ocrx_word' id='word_1_315' title='bbox 354 3283 694 3339; x_wconf 32' lang='lat' dir='ltr'><strong>Graevius-praef.</strong></span> <span class='ocrx_word' id='word_1_316' title='bbox 716 3283 766 3324; x_wconf 87' lang='lat' dir='ltr'><strong>ad</strong></span> <span class='ocrx_word' id='word_1_317' title='bbox 784 3284 915 3325; x_wconf 87' lang='lat' dir='ltr'><strong>Tom.</strong></span> <span class='ocrx_word' id='word_1_318' title='bbox 929 3286 952 3323; x_wconf 87' lang='grc'>6</span> <span class='ocrx_word' id='word_1_319' title='bbox 975 3284 1181 3325; x_wconf 83' lang='lat' dir='ltr'><strong>Thesauri</strong></span> 
     </span>
     <span class='ocr_line' id='line_1_50' title="bbox 353 3340 1178 3391; baseline 0 -9"><span class='ocrx_word' id='word_1_320' title='bbox 353 3342 432 3391; x_wconf 85' lang='lat' dir='ltr'><strong>sui,</strong></span> <span class='ocrx_word' id='word_1_321' title='bbox 464 3351 503 3382; x_wconf 88' lang='lat' dir='ltr'><strong>et</strong></span> <span class='ocrx_word' id='word_1_322' title='bbox 529 3341 817 3383; x_wconf 79' lang='lat' dir='ltr'><strong>demonstrarat</strong></span> <span class='ocrx_word' id='word_1_323' title='bbox 846 3340 1096 3383; x_wconf 80' lang='lat' dir='ltr'><strong>Ramirefius</strong></span> <span class='ocrx_word' id='word_1_324' title='bbox 1125 3341 1178 3382; x_wconf 81' lang='lat' dir='ltr'><strong>ad</strong></span> 
     </span>
     <span class='ocr_line' id='line_1_51' title="bbox 353 3398 1174 3455; baseline -0.001 -14"><span class='ocrx_word' id='word_1_325' title='bbox 353 3398 542 3441; x_wconf 65' lang='lat' dir='ltr'><strong>Nlartial.</strong></span> <span class='ocrx_word' id='word_1_326' title='bbox 577 3399 870 3455; x_wconf 82' lang='lat' dir='ltr'><strong>Amphitheat.</strong></span> <span class='ocrx_word' id='word_1_327' title='bbox 905 3398 1012 3441; x_wconf 85' lang='lat' dir='ltr'><strong>Caes.</strong></span> <span class='ocrx_word' id='word_1_328' title='bbox 1041 3414 1112 3454; x_wconf 84' lang='lat'><strong>29,</strong></span> <span class='ocrx_word' id='word_1_329' title='bbox 1133 3414 1174 3455; x_wconf 88' lang='lat' dir='ltr'><strong>p.</strong></span> 
     </span>
     <span class='ocr_line' id='line_1_52' title="bbox 355 3455 1178 3512; baseline -0.001 -14"><span class='ocrx_word' id='word_1_330' title='bbox 355 3471 427 3507; x_wconf 87' lang='lat'><strong>27.</strong></span> <span class='ocrx_word' id='word_1_331' title='bbox 468 3457 647 3506; x_wconf 38' lang='lat' dir='ltr'><strong>xInterim</strong></span> <span class='ocrx_word' id='word_1_332' title='bbox 667 3459 716 3498; x_wconf 91' lang='lat' dir='ltr'><strong>de</strong></span> <span class='ocrx_word' id='word_1_333' title='bbox 738 3457 931 3498; x_wconf 84' lang='lat' dir='ltr'><strong>sententia</strong></span> <span class='ocrx_word' id='word_1_334' title='bbox 953 3455 1037 3512; x_wconf 88' lang='lat' dir='ltr'><strong>ipsa</strong></span> <span class='ocrx_word' id='word_1_335' title='bbox 1057 3457 1178 3510; x_wconf 83' lang='lat' dir='ltr'><strong>hujus</strong></span> 
     </span>
     <span class='ocr_line' id='line_1_53' title="bbox 353 3512 1179 3572; baseline 0.001 -17"><span class='ocrx_word' id='word_1_336' title='bbox 353 3514 557 3557; x_wconf 66' lang='lat' dir='ltr'><strong>sententiae</strong></span> <span class='ocrx_word' id='word_1_337' title='bbox 579 3514 682 3556; x_wconf 85' lang='lat' dir='ltr'><strong>forte</strong></span> <span class='ocrx_word' id='word_1_338' title='bbox 697 3515 904 3572; x_wconf 85' lang='lat' dir='ltr'><strong>optimum</strong></span> <span class='ocrx_word' id='word_1_339' title='bbox 918 3512 1043 3557; x_wconf 77' lang='lat' dir='ltr'><strong>fuerit</strong></span> <span class='ocrx_word' id='word_1_340' title='bbox 1060 3512 1179 3556; x_wconf 85' lang='lat' dir='ltr'><strong>fateri</strong></span> 
     </span>
    </p>
   </div>
   <div class='ocr_carea' id='block_1_13' title="bbox 1246 1775 2182 3573">
    <p class='ocr_par' dir='ltr' id='par_1_15' title="bbox 1259 1775 2182 2242">
     <span class='ocr_line' id='line_1_54' title="bbox 1260 1775 2079 1836; baseline 0.001 -16"><span class='ocrx_word' id='word_1_341' title='bbox 1260 1792 1355 1820; x_wconf 87' lang='lat' dir='ltr'><strong>cum</strong></span> <span class='ocrx_word' id='word_1_342' title='bbox 1368 1777 1574 1834; x_wconf 82' lang='lat' dir='ltr'><strong>Scaligero</strong></span> <span class='ocrx_word' id='word_1_343' title='bbox 1583 1776 1633 1820; x_wconf 89' lang='lat' dir='ltr'><strong>ad</strong></span> <span class='ocrx_word' id='word_1_344' title='bbox 1642 1775 1854 1820; x_wconf 87' lang='lat' dir='ltr'><strong>laudatum</strong></span> <span class='ocrx_word' id='word_1_345' title='bbox 1863 1776 1988 1820; x_wconf 87' lang='lat' dir='ltr'><strong>modo</strong></span> <span class='ocrx_word' id='word_1_346' title='bbox 1995 1778 2079 1836; x_wconf 81' lang='lat' dir='ltr'><strong>epi·</strong></span> 
     </span>
     <span class='ocr_line' id='line_1_55' title="bbox 1260 1836 2079 1893; baseline 0.001 -16"><span class='ocrx_word' id='word_1_347' title='bbox 1260 1851 1461 1893; x_wconf 87' lang='lat' dir='ltr'><strong>gramma,</strong></span> <span class='ocrx_word' id='word_1_348' title='bbox 1474 1836 1585 1893; x_wconf 87' lang='lat' dir='ltr'><strong>quod</strong></span> <span class='ocrx_word' id='word_1_349' title='bbox 1606 1836 1794 1878; x_wconf 83' lang='lat' dir='ltr'><strong>Martiali</strong></span> <span class='ocrx_word' id='word_1_350' title='bbox 1815 1836 2015 1879; x_wconf 83' lang='lat' dir='ltr'><strong>tribuitur</strong></span> <span class='ocrx_word' id='word_1_351' title='bbox 2035 1838 2079 1878; x_wconf 87' lang='lat' dir='ltr'><strong>in</strong></span> 
     </span>
     <span class='ocr_line' id='line_1_56' title="bbox 1260 1893 2182 1994; baseline 0.003 -59"><span class='ocrx_word' id='word_1_352' title='bbox 1260 1894 1560 1951; x_wconf 54' lang='lat' dir='ltr'><strong>cataleftissp.</strong></span> <span class='ocrx_word' id='word_1_353' title='bbox 1586 1909 1684 1948; x_wconf 84' lang='lat'><strong>329,</strong></span> <span class='ocrx_word' id='word_1_354' title='bbox 1716 1893 1886 1994; x_wconf 54' lang='lat' dir='ltr'><strong>PrYter</strong></span> <span class='ocrx_word' id='word_1_355' title='bbox 1912 1893 2080 1937; x_wconf 77' lang='lat' dir='ltr'><strong>nimiam</strong></span> <span class='ocrx_word' id='word_1_356' title='bbox 2162 1926 2182 1938; x_wconf 78' lang='lat'><strong>.</strong></span> 
     </span>
     <span class='ocr_line' id='line_1_57' title="bbox 1260 1950 2077 2010; baseline 0.002 -18"><span class='ocrx_word' id='word_1_357' title='bbox 1260 1951 1513 1994; x_wconf 82' lang='lat' dir='ltr'><strong>brevitatem</strong></span> <span class='ocrx_word' id='word_1_358' title='bbox 1532 1950 1720 2010; x_wconf 81' lang='lat' dir='ltr'><strong>dispicere</strong></span> <span class='ocrx_word' id='word_1_359' title='bbox 1733 1951 1778 1994; x_wconf 89' lang='lat' dir='ltr'><strong>ni</strong></span> <span class='ocrx_word' id='word_1_360' title='bbox 1804 1951 1838 1994; x_wconf 89' lang='lat' dir='ltr'><strong>il</strong></span> <span class='ocrx_word' id='word_1_361' title='bbox 1847 1951 1948 1994; x_wconf 83' lang='lat' dir='ltr'><strong>certi</strong></span> <span class='ocrx_word' id='word_1_362' title='bbox 1964 1965 2077 2009; x_wconf 82' lang='lat' dir='ltr'><strong>queo.</strong></span> 
     </span>
     <span class='ocr_line' id='line_1_58' title="bbox 1262 2009 2080 2060; baseline 0.002 -9"><span class='ocrx_word' id='word_1_363' title='bbox 1262 2010 1332 2053; x_wconf 80' lang='lat' dir='ltr'><strong>Usi</strong></span> <span class='ocrx_word' id='word_1_364' title='bbox 1353 2011 1491 2052; x_wconf 75' lang='lat' dir='ltr'><strong>liimus</strong></span> <span class='ocrx_word' id='word_1_365' title='bbox 1512 2010 1594 2060; x_wconf 83' lang='lat' dir='ltr'><strong>hic,</strong></span> <span class='ocrx_word' id='word_1_366' title='bbox 1617 2019 1664 2051; x_wconf 89' lang='lat' dir='ltr'><strong>ut</strong></span> <span class='ocrx_word' id='word_1_367' title='bbox 1694 2010 1796 2052; x_wconf 81' lang='lat' dir='ltr'><strong>alias</strong></span> <span class='ocrx_word' id='word_1_368' title='bbox 1815 2009 1957 2060; x_wconf 84' lang='lat' dir='ltr'><strong>etiam,</strong></span> <span class='ocrx_word' id='word_1_369' title='bbox 1978 2011 2080 2053; x_wconf 83' lang='lat' dir='ltr'><strong>locis</strong></span> 
     </span>
     <span class='ocr_line' id='line_1_59' title="bbox 1261 2067 2076 2111; baseline -0.005 0"><span class='ocrx_word' id='word_1_370' title='bbox 1261 2069 1303 2110; x_wconf 89' lang='lat' dir='ltr'><strong>in</strong></span> <span class='ocrx_word' id='word_1_371' title='bbox 1333 2069 1639 2111; x_wconf 86' lang='lat' dir='ltr'><strong>Burmanniana</strong></span> <span class='ocrx_word' id='word_1_372' title='bbox 1660 2068 1834 2110; x_wconf 84' lang='lat' dir='ltr'><strong>editione</strong></span> <span class='ocrx_word' id='word_1_373' title='bbox 1854 2067 2076 2110; x_wconf 72' lang='lat' dir='ltr'><strong>indicatis:</strong></span> 
     </span>
     <span class='ocr_line' id='line_1_60' title="bbox 1259 2122 2080 2184; baseline 0 -16"><span class='ocrx_word' id='word_1_374' title='bbox 1259 2141 1341 2169; x_wconf 91' lang='lat' dir='ltr'><strong>non</strong></span> <span class='ocrx_word' id='word_1_375' title='bbox 1371 2138 1506 2170; x_wconf 88' lang='lat' dir='ltr'><strong>tamen</strong></span> <span class='ocrx_word' id='word_1_376' title='bbox 1531 2127 1696 2184; x_wconf 85' lang='lat' dir='ltr'><strong>ignava,</strong></span> <span class='ocrx_word' id='word_1_377' title='bbox 1718 2125 1832 2184; x_wconf 90' lang='lat' dir='ltr'><strong>quod</strong></span> <span class='ocrx_word' id='word_1_378' title='bbox 1858 2139 1923 2168; x_wconf 83' lang='lat' dir='ltr'><strong>res</strong></span> <span class='ocrx_word' id='word_1_379' title='bbox 1943 2122 2080 2184; x_wconf 87' lang='lat' dir='ltr'><strong>loqui-</strong></span> 
     </span>
     <span class='ocr_line' id='line_1_61' title="bbox 1259 2193 1500 2242; baseline 0 -16"><span class='ocrx_word' id='word_1_380' title='bbox 1259 2193 1343 2235; x_wconf 91' lang='lat' dir='ltr'><strong>tur,</strong></span> <span class='ocrx_word' id='word_1_381' title='bbox 1363 2198 1500 2242; x_wconf 86' lang='lat' dir='ltr'><strong>opera.</strong></span> 
     </span>
    </p>

    <p class='ocr_par' dir='ltr' id='par_1_16' title="bbox 1246 2239 2088 3573">
     <span class='ocr_line' id='line_1_62' title="bbox 1320 2239 2082 2299; baseline 0.001 -15"><span class='ocrx_word' id='word_1_382' title='bbox 1320 2259 1343 2284; x_wconf 92' lang='lat'>2</span> <span class='ocrx_word' id='word_1_383' title='bbox 1354 2259 1390 2286; x_wconf 86' lang='lat'><strong>1.</strong></span> <span class='ocrx_word' id='word_1_384' title='bbox 1423 2242 1529 2285; x_wconf 64' lang='lat' dir='ltr'><strong>leeffa</strong></span> <span class='ocrx_word' id='word_1_385' title='bbox 1547 2256 1570 2284; x_wconf 92' lang='lat' dir='ltr'><strong>e</strong></span> <span class='ocrx_word' id='word_1_386' title='bbox 1587 2240 1720 2298; x_wconf 82' lang='lat' dir='ltr'><strong>capite</strong></span> <span class='ocrx_word' id='word_1_387' title='bbox 1736 2239 1846 2299; x_wconf 67' lang='lat' dir='ltr'><strong>offa]</strong></span> <span class='ocrx_word' id='word_1_388' title='bbox 1868 2242 1980 2285; x_wconf 88' lang='lat' dir='ltr'><strong>Hinc</strong></span> <span class='ocrx_word' id='word_1_389' title='bbox 1998 2242 2082 2285; x_wconf 88' lang='lat' dir='ltr'><strong>dis·</strong></span> 
     </span>
     <span class='ocr_line' id='line_1_63' title="bbox 1261 2299 2082 2358; baseline 0.001 -15"><span class='ocrx_word' id='word_1_390' title='bbox 1261 2302 1396 2343; x_wconf 86' lang='lat' dir='ltr'><strong>cimus</strong></span> <span class='ocrx_word' id='word_1_391' title='bbox 1427 2299 1683 2358; x_wconf 73' lang='lat' dir='ltr'><strong>probabilem</strong></span> <span class='ocrx_word' id='word_1_392' title='bbox 1704 2300 1871 2358; x_wconf 85' lang='lat' dir='ltr'><strong>quidem</strong></span> <span class='ocrx_word' id='word_1_393' title='bbox 1891 2299 1965 2343; x_wconf 75' lang='lat' dir='ltr'><strong>ess‘e</strong></span> <span class='ocrx_word' id='word_1_394' title='bbox 1983 2315 2082 2344; x_wconf 85' lang='lat' dir='ltr'><strong>con-</strong></span> 
     </span>
     <span class='ocr_line' id='line_1_64' title="bbox 1256 2357 2080 2416; baseline 0.002 -17"><span class='ocrx_word' id='word_1_395' title='bbox 1256 2358 1456 2413; x_wconf 61' lang='lat' dir='ltr'><strong>jeeturam</strong></span> <span class='ocrx_word' id='word_1_396' title='bbox 1483 2358 1601 2414; x_wconf 88' lang='lat' dir='ltr'><strong>supra</strong></span> <span class='ocrx_word' id='word_1_397' title='bbox 1637 2357 1880 2416; x_wconf 78' lang='lat' dir='ltr'><strong>propositam</strong></span> <span class='ocrx_word' id='word_1_398' title='bbox 1898 2358 1950 2402; x_wconf 82' lang='lat' dir='ltr'><strong>ad</strong></span> <span class='ocrx_word' id='word_1_399' title='bbox 1972 2361 2015 2409; x_wconf 89' lang='lat'><strong>6,</strong></span> <span class='ocrx_word' id='word_1_400' title='bbox 2039 2374 2080 2408; x_wconf 77' lang='lat' dir='ltr'><strong>s,</strong></span> 
     </span>
     <span class='ocr_line' id='line_1_65' title="bbox 1267 2415 2083 2474; baseline 0.001 -16"><span class='ocrx_word' id='word_1_401' title='bbox 1267 2431 1336 2468; x_wconf 87' lang='lat'><strong>30,</strong></span> <span class='ocrx_word' id='word_1_402' title='bbox 1358 2432 1452 2474; x_wconf 83' lang='lat' dir='ltr'><strong>quae</strong></span> <span class='ocrx_word' id='word_1_403' title='bbox 1465 2415 1706 2459; x_wconf 79' lang='lat' dir='ltr'><strong>vulneribus</strong></span> <span class='ocrx_word' id='word_1_404' title='bbox 1707 2416 1869 2472; x_wconf 83' lang='lat' dir='ltr'><strong>funera</strong></span> <span class='ocrx_word' id='word_1_405' title='bbox 1889 2417 2083 2461; x_wconf 76' lang='lat' dir='ltr'><strong>substitu-</strong></span> 
     </span>
     <span class='ocr_line' id='line_1_66' title="bbox 1262 2473 2083 2528; baseline 0.004 -13"><span class='ocrx_word' id='word_1_406' title='bbox 1262 2484 1353 2516; x_wconf 88' lang='lat' dir='ltr'><strong>tum</strong></span> <span class='ocrx_word' id='word_1_407' title='bbox 1392 2475 1510 2528; x_wconf 76' lang='lat' dir='ltr'><strong>ibat3</strong></span> <span class='ocrx_word' id='word_1_408' title='bbox 1555 2489 1691 2516; x_wconf 85' lang='lat' dir='ltr'><strong>veram</strong></span> <span class='ocrx_word' id='word_1_409' title='bbox 1723 2489 1806 2517; x_wconf 90' lang='lat' dir='ltr'><strong>non</strong></span> <span class='ocrx_word' id='word_1_410' title='bbox 1842 2473 1931 2517; x_wconf 78' lang='lat' dir='ltr'><strong>effe.</strong></span> <span class='ocrx_word' id='word_1_411' title='bbox 1992 2475 2083 2518; x_wconf 80' lang='lat' dir='ltr'><strong>Nos</strong></span> 
     </span>
     <span class='ocr_line' id='line_1_67' title="bbox 1264 2531 2083 2590; baseline 0.002 -17"><span class='ocrx_word' id='word_1_412' title='bbox 1264 2531 1424 2589; x_wconf 86' lang='lat' dir='ltr'><strong>aliquid</strong></span> <span class='ocrx_word' id='word_1_413' title='bbox 1447 2542 1535 2575; x_wconf 84' lang='lat' dir='ltr'><strong>tum</strong></span> <span class='ocrx_word' id='word_1_414' title='bbox 1555 2532 1762 2582; x_wconf 85' lang='lat' dir='ltr'><strong>odoratos,</strong></span> <span class='ocrx_word' id='word_1_415' title='bbox 1782 2541 1974 2590; x_wconf 71' lang='lat' dir='ltr'><strong>apparetz</strong></span> <span class='ocrx_word' id='word_1_416' title='bbox 1997 2547 2083 2576; x_wconf 86' lang='lat' dir='ltr'><strong>rem</strong></span> 
     </span>
     <span class='ocr_line' id='line_1_68' title="bbox 1264 2589 2085 2648; baseline 0.006 -18"><span class='ocrx_word' id='word_1_417' title='bbox 1264 2589 1391 2646; x_wconf 79' lang='lat' dir='ltr'><strong>ipsam</strong></span> <span class='ocrx_word' id='word_1_418' title='bbox 1475 2589 1805 2647; x_wconf 77' lang='lat' dir='ltr'><strong>rvestigassemus,</strong></span> <span class='ocrx_word' id='word_1_419' title='bbox 1825 2589 1897 2633; x_wconf 82' lang='lat' dir='ltr'><strong>nifi</strong></span> <span class='ocrx_word' id='word_1_420' title='bbox 1925 2590 2085 2648; x_wconf 82' lang='lat' dir='ltr'><strong>placere</strong></span> 
     </span>
     <span class='ocr_line' id='line_1_69' title="bbox 1261 2647 2084 2702; baseline 0.002 -13"><span class='ocrx_word' id='word_1_421' title='bbox 1261 2649 1382 2690; x_wconf 91' lang='lat' dir='ltr'><strong>nobis</strong></span> <span class='ocrx_word' id='word_1_422' title='bbox 1429 2648 1581 2691; x_wconf 88' lang='lat' dir='ltr'><strong>olerent</strong></span> <span class='ocrx_word' id='word_1_423' title='bbox 1609 2647 1849 2702; x_wconf 66' lang='lat' dir='ltr'><strong>eonjefiturae</strong></span> <span class='ocrx_word' id='word_1_424' title='bbox 1879 2648 2084 2692; x_wconf 85' lang='lat' dir='ltr'><strong>Burman-</strong></span> 
     </span>
     <span class='ocr_line' id='line_1_70' title="bbox 1261 2705 2083 2760; baseline 0.004 -13"><span class='ocrx_word' id='word_1_425' title='bbox 1261 2706 1410 2754; x_wconf 85' lang='lat' dir='ltr'><strong>nianae,</strong></span> <span class='ocrx_word' id='word_1_426' title='bbox 1443 2716 1482 2749; x_wconf 86' lang='lat' dir='ltr'><strong>et</strong></span> <span class='ocrx_word' id='word_1_427' title='bbox 1512 2706 1539 2749; x_wconf 77' lang='lat' dir='ltr'><strong>si</strong></span> <span class='ocrx_word' id='word_1_428' title='bbox 1569 2706 1693 2760; x_wconf 82' lang='lat' dir='ltr'><strong>hujus</strong></span> <span class='ocrx_word' id='word_1_429' title='bbox 1720 2705 1799 2748; x_wconf 89' lang='lat' dir='ltr'><strong>loci</strong></span> <span class='ocrx_word' id='word_1_430' title='bbox 1830 2706 1872 2750; x_wconf 89' lang='lat' dir='ltr'><strong>in</strong></span> <span class='ocrx_word' id='word_1_431' title='bbox 1904 2716 2083 2750; x_wconf 84' lang='lat' dir='ltr'><strong>mentem</strong></span> 
     </span>
     <span class='ocr_line' id='line_1_71' title="bbox 1263 2763 2084 2814; baseline 0.004 -10"><span class='ocrx_word' id='word_1_432' title='bbox 1263 2774 1353 2806; x_wconf 88' lang='lat' dir='ltr'><strong>turn</strong></span> <span class='ocrx_word' id='word_1_433' title='bbox 1374 2764 1552 2814; x_wconf 71' lang='lat' dir='ltr'><strong>venisset,</strong></span> <span class='ocrx_word' id='word_1_434' title='bbox 1572 2763 1636 2807; x_wconf 83' lang='lat' dir='ltr'><strong>vel</strong></span> <span class='ocrx_word' id='word_1_435' title='bbox 1654 2763 1824 2806; x_wconf 77' lang='lat' dir='ltr'><strong>alterius</strong></span> <span class='ocrx_word' id='word_1_436' title='bbox 1855 2765 2014 2809; x_wconf 77' lang='lat' dir='ltr'><strong>Senecae</strong></span> <span class='ocrx_word' id='word_1_437' title='bbox 2032 2765 2084 2807; x_wconf 91' lang='lat' dir='ltr'><strong>de</strong></span> 
     </span>
     <span class='ocr_line' id='line_1_72' title="bbox 1261 2819 2084 2879; baseline 0.001 -16"><span class='ocrx_word' id='word_1_438' title='bbox 1261 2819 1406 2864; x_wconf 85' lang='lat' dir='ltr'><strong>Benef.</strong></span> <span class='ocrx_word' id='word_1_439' title='bbox 1443 2837 1484 2876; x_wconf 86' lang='lat'><strong>5,</strong></span> <span class='ocrx_word' id='word_1_440' title='bbox 1515 2836 1588 2874; x_wconf 86' lang='lat'><strong>24,</strong></span> <span class='ocrx_word' id='word_1_441' title='bbox 1618 2820 1661 2864; x_wconf 81' lang='lat' dir='ltr'><strong>in</strong></span> <span class='ocrx_word' id='word_1_442' title='bbox 1689 2820 1819 2878; x_wconf 82' lang='lat' dir='ltr'><strong>capite</strong></span> <span class='ocrx_word' id='word_1_443' title='bbox 1844 2821 1948 2866; x_wconf 59' lang='lat' dir='ltr'><strong>Ietta</strong></span> <span class='ocrx_word' id='word_1_444' title='bbox 1975 2821 2084 2879; x_wconf 75' lang='lat' dir='ltr'><strong>qffa3</strong></span> 
     </span>
     <span class='ocr_line' id='line_1_73' title="bbox 1261 2878 2085 2938; baseline 0.005 -18"><span class='ocrx_word' id='word_1_445' title='bbox 1261 2880 1335 2920; x_wconf 87' lang='lat' dir='ltr'><strong>ubi</strong></span> <span class='ocrx_word' id='word_1_446' title='bbox 1356 2879 1478 2937; x_wconf 88' lang='lat' dir='ltr'><strong>plura</strong></span> <span class='ocrx_word' id='word_1_447' title='bbox 1496 2878 1637 2922; x_wconf 81' lang='lat' dir='ltr'><strong>laudat</strong></span> <span class='ocrx_word' id='word_1_448' title='bbox 1653 2879 1835 2938; x_wconf 83' lang='lat' dir='ltr'><strong>Lipfius.</strong></span> <span class='ocrx_word' id='word_1_449' title='bbox 1884 2879 2085 2925; x_wconf 67' lang='lat' dir='ltr'><strong>Praeclare</strong></span> 
     </span>
     <span class='ocr_line' id='line_1_74' title="bbox 1262 2937 2084 2981; baseline 0.004 -3"><span class='ocrx_word' id='word_1_450' title='bbox 1262 2947 1398 2979; x_wconf 82' lang='lat' dir='ltr'><strong>autem</strong></span> <span class='ocrx_word' id='word_1_451' title='bbox 1420 2940 1461 2979; x_wconf 89' lang='lat' dir='ltr'><strong>in</strong></span> <span class='ocrx_word' id='word_1_452' title='bbox 1481 2947 1656 2979; x_wconf 84' lang='lat' dir='ltr'><strong>mentem</strong></span> <span class='ocrx_word' id='word_1_453' title='bbox 1676 2948 1876 2981; x_wconf 82' lang='lat' dir='ltr'><strong>venerunt</strong></span> <span class='ocrx_word' id='word_1_454' title='bbox 1903 2937 1976 2980; x_wconf 86' lang='lat' dir='ltr'><strong>ista</strong></span> <span class='ocrx_word' id='word_1_455' title='bbox 1993 2938 2084 2981; x_wconf 82' lang='lat' dir='ltr'><strong>Da·</strong></span> 
     </span>
     <span class='ocr_line' id='line_1_75' title="bbox 1260 2994 2086 3054; baseline 0.004 -19"><span class='ocrx_word' id='word_1_456' title='bbox 1260 2994 1359 3036; x_wconf 85' lang='lat' dir='ltr'><strong>vifio</strong></span> <span class='ocrx_word' id='word_1_457' title='bbox 1392 2995 1443 3037; x_wconf 86' lang='lat' dir='ltr'><strong>ad</strong></span> <span class='ocrx_word' id='word_1_458' title='bbox 1474 2996 1569 3038; x_wconf 92' lang='lat' dir='ltr'><strong>Cic.</strong></span> <span class='ocrx_word' id='word_1_459' title='bbox 1590 2995 1641 3037; x_wconf 88' lang='lat' dir='ltr'><strong>de</strong></span> <span class='ocrx_word' id='word_1_460' title='bbox 1670 2997 1778 3053; x_wconf 89' lang='lat' dir='ltr'><strong>Leg.</strong></span> <span class='ocrx_word' id='word_1_461' title='bbox 1803 3011 1847 3046; x_wconf 84' lang='lat'><strong>2,</strong></span> <span class='ocrx_word' id='word_1_462' title='bbox 1868 3009 1914 3054; x_wconf 70' lang='lat'><strong>42</strong></span> <span class='ocrx_word' id='word_1_463' title='bbox 1933 2996 2009 3039; x_wconf 88' lang='lat' dir='ltr'><strong>ubi</strong></span> <span class='ocrx_word' id='word_1_464' title='bbox 2032 2996 2086 3038; x_wconf 86' lang='lat' dir='ltr'><strong>de</strong></span> 
     </span>
     <span class='ocr_line' id='line_1_76' title="bbox 1261 3052 2085 3101; baseline 0.004 -7"><span class='ocrx_word' id='word_1_465' title='bbox 1261 3052 1390 3094; x_wconf 86' lang='lat' dir='ltr'><strong>vetito</strong></span> <span class='ocrx_word' id='word_1_466' title='bbox 1413 3054 1454 3095; x_wconf 90' lang='lat' dir='ltr'><strong>in</strong></span> <span class='ocrx_word' id='word_1_467' title='bbox 1487 3053 1706 3096; x_wconf 86' lang='lat' dir='ltr'><strong>duodecim</strong></span> <span class='ocrx_word' id='word_1_468' title='bbox 1736 3052 1895 3096; x_wconf 71' lang='lat' dir='ltr'><strong>tabulis</strong></span> <span class='ocrx_word' id='word_1_469' title='bbox 1921 3053 2085 3101; x_wconf 54' lang='lat' dir='ltr'><strong>teada-</strong></span> 
     </span>
     <span class='ocr_line' id='line_1_77' title="bbox 1260 3110 2085 3168; baseline 0.002 -16"><span class='ocrx_word' id='word_1_470' title='bbox 1260 3124 1351 3152; x_wconf 81' lang='lat' dir='ltr'><strong>vere</strong></span> <span class='ocrx_word' id='word_1_471' title='bbox 1380 3110 1540 3167; x_wconf 86' lang='lat' dir='ltr'><strong>offilegio</strong></span> <span class='ocrx_word' id='word_1_472' title='bbox 1567 3113 1619 3153; x_wconf 86' lang='lat' dir='ltr'><strong>ad</strong></span> <span class='ocrx_word' id='word_1_473' title='bbox 1647 3110 1776 3153; x_wconf 84' lang='lat' dir='ltr'><strong>funus</strong></span> <span class='ocrx_word' id='word_1_474' title='bbox 1804 3110 1893 3168; x_wconf 86' lang='lat' dir='ltr'><strong>post</strong></span> <span class='ocrx_word' id='word_1_475' title='bbox 1929 3110 2085 3154; x_wconf 80' lang='lat' dir='ltr'><strong>facien-</strong></span> 
     </span>
     <span class='ocr_line' id='line_1_78' title="bbox 1259 3167 2087 3221; baseline 0.008 -13"><span class='ocrx_word' id='word_1_476' title='bbox 1259 3167 1376 3209; x_wconf 90' lang='lat' dir='ltr'><strong>dum.</strong></span> <span class='ocrx_word' id='word_1_477' title='bbox 1439 3170 1504 3211; x_wconf 92' lang='lat' dir='ltr'><strong>De</strong></span> <span class='ocrx_word' id='word_1_478' title='bbox 1519 3168 1628 3221; x_wconf 78' lang='lat' dir='ltr'><strong>Justo</strong></span> <span class='ocrx_word' id='word_1_479' title='bbox 1638 3178 1775 3211; x_wconf 86' lang='lat' dir='ltr'><strong>autem</strong></span> <span class='ocrx_word' id='word_1_480' title='bbox 1798 3168 1869 3212; x_wconf 76' lang='lat' dir='ltr'><strong>illo</strong></span> <span class='ocrx_word' id='word_1_481' title='bbox 1886 3179 1927 3212; x_wconf 89' lang='lat' dir='ltr'><strong>et</strong></span> <span class='ocrx_word' id='word_1_482' title='bbox 1946 3169 1959 3212; x_wconf 89' lang='lat' dir='ltr'><strong>l</strong></span> <span class='ocrx_word' id='word_1_483' title='bbox 2014 3170 2087 3216; x_wconf 81' lang='lat' dir='ltr'><strong>iti-</strong></span> 
     </span>
     <span class='ocr_line' id='line_1_79' title="bbox 1261 3226 2088 3285; baseline 0.006 -19"><span class='ocrx_word' id='word_1_484' title='bbox 1261 3227 1412 3275; x_wconf 86' lang='lat' dir='ltr'><strong>mo,.ad</strong></span> <span class='ocrx_word' id='word_1_485' title='bbox 1435 3227 1544 3282; x_wconf 84' lang='lat' dir='ltr'><strong>quod</strong></span> <span class='ocrx_word' id='word_1_486' title='bbox 1567 3226 1635 3268; x_wconf 86' lang='lat' dir='ltr'><strong>hic</strong></span> <span class='ocrx_word' id='word_1_487' title='bbox 1655 3227 1887 3283; x_wconf 87' lang='lat' dir='ltr'><strong>respicitur,</strong></span> <span class='ocrx_word' id='word_1_488' title='bbox 1905 3226 1977 3271; x_wconf 83' lang='lat' dir='ltr'><strong>offi</strong></span> <span class='ocrx_word' id='word_1_489' title='bbox 1993 3227 2088 3285; x_wconf 78' lang='lat' dir='ltr'><strong>egio</strong></span> 
     </span>
     <span class='ocr_line' id='line_1_80' title="bbox 1263 3283 2086 3340; baseline 0.006 -17"><span class='ocrx_word' id='word_1_490' title='bbox 1263 3283 1349 3340; x_wconf 84' lang='lat' dir='ltr'><strong>post</strong></span> <span class='ocrx_word' id='word_1_491' title='bbox 1359 3294 1582 3326; x_wconf 73' lang='lat' dir='ltr'><strong>crematum</strong></span> <span class='ocrx_word' id='word_1_492' title='bbox 1594 3284 1780 3334; x_wconf 83' lang='lat' dir='ltr'><strong>cadaver,</strong></span> <span class='ocrx_word' id='word_1_493' title='bbox 1790 3283 1879 3326; x_wconf 90' lang='lat' dir='ltr'><strong>vid.</strong></span> <span class='ocrx_word' id='word_1_494' title='bbox 1892 3285 2086 3328; x_wconf 77' lang='lat' dir='ltr'><strong>Broukh.</strong></span> 
     </span>
     <span class='ocr_line' id='line_1_81' title="bbox 1261 3340 2086 3399; baseline 0.005 -17"><span class='ocrx_word' id='word_1_495' title='bbox 1261 3342 1312 3382; x_wconf 90' lang='lat' dir='ltr'><strong>ad</strong></span> <span class='ocrx_word' id='word_1_496' title='bbox 1334 3342 1443 3384; x_wconf 83' lang='lat' dir='ltr'><strong>Tib.</strong></span> <span class='ocrx_word' id='word_1_497' title='bbox 1463 3358 1503 3391; x_wconf 89' lang='lat'><strong>1,</strong></span> <span class='ocrx_word' id='word_1_498' title='bbox 1521 3357 1562 3394; x_wconf 86' lang='lat'><strong>3,</strong></span> <span class='ocrx_word' id='word_1_499' title='bbox 1578 3345 1621 3382; x_wconf 91' lang='lat'><strong>6.</strong></span> <span class='ocrx_word' id='word_1_500' title='bbox 1661 3345 1773 3399; x_wconf 57' lang='lat' dir='ltr'><strong>3213ae</strong></span> <span class='ocrx_word' id='word_1_501' title='bbox 1789 3340 1902 3397; x_wconf 77' lang='lat' dir='ltr'><strong>legat</strong></span> <span class='ocrx_word' id='word_1_502' title='bbox 1916 3341 1960 3385; x_wconf 82' lang='lat' dir='ltr'><strong>in</strong></span> <span class='ocrx_word' id='word_1_503' title='bbox 1984 3355 2086 3385; x_wconf 72' lang='grc' dir='ltr'><strong>Μ-</strong></span> 
     </span>
     <span class='ocr_line' id='line_1_82' title="bbox 1246 3398 2087 3459; baseline 0 -18"><span class='ocrx_word' id='word_1_504' title='bbox 1246 3400 1331 3455; x_wconf 87' lang='lat' dir='ltr'><strong>stos</strong></span> <span class='ocrx_word' id='word_1_505' title='bbox 1363 3400 1439 3455; x_wconf 73' lang='lat' dir='ltr'><strong>offa</strong></span> <span class='ocrx_word' id='word_1_506' title='bbox 1462 3399 1627 3455; x_wconf 81' lang='lat' dir='ltr'><strong>perusta</strong></span> <span class='ocrx_word' id='word_1_507' title='bbox 1646 3400 1776 3454; x_wconf 81' lang='lat' dir='ltr'><strong>finus.</strong></span> <span class='ocrx_word' id='word_1_508' title='bbox 1839 3398 1962 3459; x_wconf 82' lang='lat' dir='ltr'><strong>Qod</strong></span> <span class='ocrx_word' id='word_1_509' title='bbox 1992 3413 2087 3443; x_wconf 83' lang='lat' dir='ltr'><strong>vero</strong></span> 
     </span>
     <span class='ocr_line' id='line_1_83' title="bbox 1262 3456 2085 3515; baseline 0.002 -17"><span class='ocrx_word' id='word_1_510' title='bbox 1262 3457 1454 3499; x_wconf 71' lang='lat' dir='ltr'><strong>laudatus</strong></span> <span class='ocrx_word' id='word_1_511' title='bbox 1475 3458 1597 3499; x_wconf 82' lang='lat' dir='ltr'><strong>modo</strong></span> <span class='ocrx_word' id='word_1_512' title='bbox 1618 3456 1805 3501; x_wconf 81' lang='lat' dir='ltr'><strong>Davifius</strong></span> <span class='ocrx_word' id='word_1_513' title='bbox 1826 3458 1939 3515; x_wconf 82' lang='lat' dir='ltr'><strong>apud</strong></span> <span class='ocrx_word' id='word_1_514' title='bbox 1965 3458 2085 3500; x_wconf 83' lang='lat' dir='ltr'><strong>Sene·</strong></span> 
     </span>
     <span class='ocr_line' id='line_1_84' title="bbox 1262 3514 2088 3573; baseline 0.001 -17"><span class='ocrx_word' id='word_1_515' title='bbox 1262 3529 1354 3557; x_wconf 85' lang='lat' dir='ltr'><strong>cam</strong></span> <span class='ocrx_word' id='word_1_516' title='bbox 1385 3530 1405 3556; x_wconf 82' lang='lat' dir='ltr'><strong>e</strong></span> <span class='ocrx_word' id='word_1_517' title='bbox 1433 3514 1564 3571; x_wconf 76' lang='lat' dir='ltr'><strong>capite</strong></span> <span class='ocrx_word' id='word_1_518' title='bbox 1594 3514 1675 3573; x_wconf 84' lang='lat' dir='ltr'><strong>legi</strong></span> <span class='ocrx_word' id='word_1_519' title='bbox 1706 3516 1840 3566; x_wconf 85' lang='lat' dir='ltr'><strong>malit,</strong></span> <span class='ocrx_word' id='word_1_520' title='bbox 1861 3529 2016 3565; x_wconf 81' lang='lat' dir='ltr'><strong>vereor,</strong></span> <span class='ocrx_word' id='word_1_521' title='bbox 2037 3528 2088 3558; x_wconf 84' lang='lat' dir='ltr'><strong>ne</strong></span> 
     </span>
    </p>
   </div>
  </div>
 </body>
</html>
