2320 4030
589 299 877 365 INSTIT.
913 298 1257 364 ORATOR.
1293 313 1429 364 ΜΒ.
1463 315 1529 365 x.
1565 330 1611 364 2.
1862 300 1965 381 '‘19'5

237 448 503 516 incessere,
530 467 654 504 cum
693 450 874 504 diversi
919 450 1012 504 fibi
1049 450 1288 504 conscius
1325 449 1559 522 generiS,
1583 448 1796 523 placere
1818 452 1870 505 se
1901 445 1959 507 in

233 520 469 574 ‘dicendo
493 521 629 593 poffe
654 521 719 574 iis
737 533 778 588 ¹¹,
805 522 999 594 quibus
1025 521 1103 575 illi
1126 521 1410 593 placerent,
1436 521 1714 593 diffideret.
1786 524 1957 576 Ama..

235 590 374 644 bant
414 602 593 646 autem
635 610 758 645 eum
797 594 990 664 magiS‚
1018 611 1178 665 quam
1217 591 1601 662 imitabantur:
1643 603 1959 665 tantumque

239 662 308 717 ab
343 661 438 716 illo
475 662 798 728 defluebant,
824 675 1084 734 quantum
1117 663 1207 715 ille
1243 664 1309 715 ab
1340 662 1572 735 antiquis
1598 662 1956 718 descenderat.

146 751 220 791 127
241 733 398 786 Foret
438 733 585 786 enim
622 733 935 805 optandum,
977 751 1144 806 pareS,
1190 745 1282 786 aut
1318 733 1500 787 saltem
1547 730 1838 804 proximos,
1876 736 1960 788 illi

238 802 352 859 viro
392 803 524 856 fieri.
599 804 706 856 Sed
739 803 981 875 placebat
1056 814 1232 876 ropter
1273 803 1380 856 sola
1422 804 1568 870 vitia,
1613 815 1668 857 et
1703 803 1770 857 a'd
1807 823 1871 858 ea
1907 806 1960 859 se

238 874 458 946 quisque
483 873 749 947 dirigebat
772 875 890 928 effin
934 893 999 928 en
1039 895 1087 942 a,
1113 894 1233 946 quae
1257 885 1461 946 poterat
1483 894 1498 927 ε
1526 874 1732 928 >deinde
1756 874 1880 946 cum
1908 878 1959 930 se

146 943 671 1017 nejaecareteodem
696 946 859 999 modo
928 947 1085 1011 icere,
1113 948 1369 999 Senecam
1407 945 1712 1002 infamabat.
1788 945 1960 1020 Cujus

239 1024 297 1069 et
331 1016 517 1070 multae
553 1016 772 1088 alioqui,
799 1027 854 1070 et
892 1035 1102 1100 magnae
1133 1017 1356 1071 virtutes
1393 1017 1638 1070 fuerunt:
1678 1017 1960 1091 ingenium

236 1085 395 1140 facile
441 1097 496 1140 et
541 1087 830 1159 copiosum,
880 1087 1167 1159 plurimum
1219 1088 1391 1152 studii,
1439 1087 1727 1142 multarum
1782 1108 1958 1144 rerum

237 1157 510 1230 cognitio:
551 1158 606 1211 in
645 1177 751 1230 qua
787 1169 964 1211 tamen
1003 1159 1286 1230 aliquando
1327 1159 1394 1230 ab
1433 1159 1517 1222 iis.
1543 1160 1738 1230 quibus
1778 1156 1959 1231 inqui-

237 1228 403 1282 renda
435 1229 682 1302 quaedam
719 1230 1021 1294 mandabat,
1044 1230 1298 1302 deceptus
1334 1229 1423 1282 est.
1495 1230 1763 1283 Tractavit
1798 1234 1959 1285 etiarn

147 1315 219 1356 ¹29
241 1317 458 1354 omnem
507 1299 616 1353 fere
677 1300 965 1353 studiorum
1015 1302 1310 1353 materiam.
1386 1301 1529 1353 Nam
1580 1312 1637 1354 et
1695 1303 1959 1357 orationes

237 1369 373 1442 ejus,
411 1381 467 1424 et
503 1382 768 1441 poemata,
808 1382 863 1424 et
905 1371 1152 1442 epistolae,
1194 1382 1248 1424 et
1284 1371 1487 1444 dialogi
1526 1372 1763 1425 feruntur
1779 1381 1821 1427 ⁰.
1898 1377 1960 1427 In

235 1441 567 1514 philosophia
603 1461 788 1513 parum
817 1442 1065 1514 diligenS,
1092 1443 1343 1515 egregius
1380 1453 1559 1495 tamen
1596 1443 1844 1496 vitiorum
1873 1445 1958 1498 in-
1989 1454 1993 1456 “

236 1512 461 1566 se&ator
502 1512 606 1566 fuit
622 1522 663 1568 Ρ.
735 1513 929 1565 Multae
965 1514 1021 1565 in
1057 1532 1122 1565 eo
1161 1512 1424 1584 claraeque
1464 1513 1754 1581 sententiae,
1789 1516 1963 1570 multa.

236 1583 398 1637 etiam
423 1602 635 1637 morum
670 1585 842 1656 gratia
863 1583 1130 1656 legenda:
1169 1584 1259 1636 sed
1293 1585 1366 1636 in*
1388 1584 1690 1656 eloquendo
1715 1604 1866 1640 corru
1908 1600 1962 1641 ta

193 1654 212 1697 T·
274 1654 511 1738 lemque,
536 1666 697 1726 atque
733 1673 798 1708 eo
834 1655 1268 1728 perniciofiffima,
1295 1654 1442 1727 quod
1476 1657 1749 1710 abundant
1784 1658 1857 1710 du
1880 1660 1959 1712 ci-

145 1742 220 1783 ¹30
237 1672 341 1779 bus
364 1726 526 1781 vitiis,
600 1725 780 1779 Velles
805 1745 928 1779 eum
954 1727 1045 1779 suo
1071 1727 1291 1808 ingenio
1314 1725 1513 1792 dixiffe,
1539 1727 1712 1780 alieno
1728 1728 1959 1800 judicio,

238 1797 382 1850 Nam
420 1797 454 1850 fi
488 1796 704 1869 aliquaq
741 1798 1105 1864 conternfiffet,
1133 1801 1166 1849 ί]
1193 1816 1381 1869 parum
1414 1799 1754 1869 concupiffet‚
1781 1801 1814 1852 fi
1853 1819 1960 1854 non

236 1867 421 1923 omnia
441 1869 532 1922 sua
555 1869 788 1933 amasset,
814 1869 847 1921 fi
885 1886 1061 1921 rerum
1097 1867 1330 1940 pondera
1363 1869 1717 1922 minutiffimis
1754 1871 1961 1924 senten-

238 1938 330 1992 tiis
354 1958 460 1993 non
485 1938 714 2010 fregiffet
738 1961 749 1992 :
791 1940 1043 1992 consensu
1065 1942 1245 2012 potius
1269 1939 1619 2006 eruditorum,
1646 1960 1807 2012 quam
1833 1961 1964 2015 pue·-

144 2027 219 2075 131,
240 2028 418 2064 rorum
444 2029 622 2064 amore
647 2011 1095 2082 comprobaretur.
1167 2011 1372 2063 Verum
1401 2011 1467 2063 fic
1491 2029 1706 2083 quoque
1731 2004 1844 2083 jam
1873 2032 1962 2066 ro-

239 2082 420 2149 bustis',
449 2092 505 2136 et
527 2082 778 2134 severiore
799 2100 993 2153 genere
1016 2081 1134 2134 satis
1160 2082 1379 2134 firmatis
1402 2081 1681 2153 legendus,
1709 2084 1792 2136 vel
1818 2085 1959 2149 ideo5

276 2145 386 2206 uod
422 2170 664 2207 exercere
688 2154 854 2224 potest
885 2165 1174 2224 utrumque
1210 2153 1479 2225 judicium
1503 2164 1538 2205 ‘.
1612 2154 1792 2207 Multa
1815 2157 1961 2209 enim

237 2171 329 2294 ἕως
365 2224 499 2294 dixi)
538 2224 808 2295 probanda
841 2225 898 2276 in·
937 2243 1021 2289 ec,
1050 2224 1220 2276 multa
1257 2224 1417 2276 etiam
1459 2224 1764 2278 admiranda
1804 2227 1962 2280 suntt'

237 2294 436 2367 eligere
461 2295 623 2348 modo
649 2313 789 2348 curae
827 2297 904 2361 fit,
933 2294 1079 2367 quod
1114 2295 1320 2347 utinam
1360 2294 1466 2365 ipse
1493 2295 1706 2349 fecisset.
1751 2314 1753 2316 ·
1779 2298 1964 2369 Digna

235 2367 382 2419 enim
406 2366 509 2430 fuit
531 2366 627 2419 illa·
647 2377 850 2434 natura,
875 2385 998 2439 quae
1022 2366 1244 2419 meliora
1275 2366 1455 2432 vellet,
1482 2386 1604 2437 quae
1625 2377 1662 2433 ³,
1689 2369 1837 2441 quod
1865 2386 1960 2423 vo-

237 2436 358 2502 luit,
384 2437 561 2504 effecit
578 2443 612 2490 t.
1445 2459 1451 2465 ’
1807 2458 1810 2460 ·
1881 2439 1886 2443 ’

309 2509 385 2561 ῙΙ.
426 2511 508 2562 Ex
532 2508 616 2561 his
640 2508 932 2581 ceterisque
954 2508 1182 2562 lectione
1207 2507 1386 2580 dignis
1422 2509 1729 2563 auctoribus
1754 2519 1809 2563 et
1840 2529 1960 2565 ver-

235 2579 433 2632 borum‘
453 2579 706 2632 sumenda
729 2581 882 2652 copia
906 2581 976 2632 est
996 2590 1036 2646 ⁰,
1063 2588 1119 2632 et
1141 2579 1374 2632 varietas*
1392 2579 1703 2652 figurarum,
1730 2592 1786 2634 et
1808 2599 1960 2635 com-

306 2651 468 2722 n‘endi
491 2651 651 2703 ratio=
690 2660 807 2704 tum
830 2651 901 2703 ad
921 2651 1223 2722 exempl-um
1252 2651 1511 2704 virtutum
1535 2652 1779 2705 omnium
1806 2670 1960 2706 mens

269 2717 530 2793 ”rigendm
603 2722 801 2793 Neque
839 2721 983 2775 enim
1018 2722 1251 2775 dubitari
1291 2724 1476 2793 potest,
1503 2724 1631 2794 quin
1676 2724 1802 2776 artis
1840 2743 1962 2795 pars

235 2809 434 2864 magna
464 2792 796 2845 contineatur
823 2793 1108 2846 imitatione.
1182 2794 1326 2845 Nam
1357 2806 1421 2845 ut
1456 2793 1692 2846 invenire
1725 2795 1960 2865 primum

236 2862 361 2929 fuit,
386 2864 563 2936 estque
600 2864 928 2936 praecipuum
956 2884 969 2916 z
1011 2865 1076 2916 fic
1114 2882 1196 2929 ea,
1235 2883 1357 2936 quae
1390 2865 1531 2916 bene·
1567 2864 1957 2932 inventasunt,

183 2935 218 2980 2
240 2933 369 2998 utile
392 2933 559 3007 sequi.
634 2935 817 3006 Atque
852 2933 1026 2987 omnis
1061 2935 1186 2987 vitae
1223 2934 1358 2987 ratio
1392 2934 1459 2987 sic
1484 2936 1703 3002 constat,
1729 2948 1811 3002 ut,
1838 2955 1960 3008 quae

235 3005 521 3076 probamus
543 3005 602 3057 -in
627 3005 762 3070 aliis,
790 3005 960 3058 facere
983 3004 1072 3077 ipsi
1098 3005 1342 3059 velimus·
1416 3006 1505 3058 Sic
1527 3006 1801 3063 literarum
1823 3008 1959 3064 duc-

236 3086 347 3142 tuS,
371 3086 435 3130 ut
456 3075 717 3130 scribendi
743 3076 835 3129 fiat
856 3077 996 3142 usuS,
1022 3076 1172 3147 pueri
1206 3075 1496 3147 sequuntur
1518 3098 1530 3129 τ
1572 3078 1638 3130 fic
1662 3078 1845 3131 mufici
1869 3097 1961 3131 vo-

237 3163 357 3201 cem
381 3146 712 3214 docentium,
736 3146 964 3220 pictores
998 3165 1158 3219 opera
1193 3148 1447 3219 priorum,
1472 3147 1647 3201 rustici
1682 3150 1958 3220 probatam

293 3324 316 3357 .-
346 3331 389 3371 in
407 3330 477 3372 εει.
583 3318 851 3373 o'effemntur
866 3333 973 3374 sens.
1079 3338 1100 3366 ι»
1125 3348 1194 3372 om.
1215 3334 1269 3375 G.
1376 3339 1396 3367 ε
1420 3333 1522 3373 nibil
1541 3334 1761 3386 sequanum
1780 3337 1832 3378 G.
1850 3338 1957 3379 Jens.

236 3387 261 3429 *ζ
279 3384 464 3436 judicem
481 3385 546 3427 G.·
599 3426 603 3430 ,
645 3391 660 3413 ⁸
691 3401 760 3428 om.
777 3387 883 3430 Jens.
990 3391 1005 3419 t
1034 3387 1158 3428 efficit
1177 3387 1231 3427 id.
1339 3392 1359 3413 ¹³
1393 3402 1461 3426 one.
1483 3388 1535 3428 G.
1551 3390 1660 3430 Jens.
1781 3392 1795 3409 ⁸

190 3475 216 3497 4

329 3529 873 3602 826'9Am51bante-magIs,
891 3551 1015 3598 quam
1032 3536 1325 3593 imitabantur]
1358 3538 1424 3583 Sic
1444 3537 1586 3597 paullo
1603 3547 1697 3583 ante
1716 3537 1746 3584 s.
1772 3555 1872 3593 104.

1002 3634 1012 3646 ·
1090 3625 1128 3662 Ο
1148 3624 1180 3665 2
