2320 4030
311 375 347 421 6·
559 417 563 420 .
736 365 1063 423 M..FA·1311
1098 368 1681 436 omNchLiANi

309 506 690 582 intelligendos
732 528 830 562 nos
872 527 1008 582 opus
1049 509 1110 562 fit
1155 508 1396 581 ingenio·
1469 507 1642 580 Atqui
1690 506 1811 562 satis
1857 510 2044 580 aperte
2129 541 2131 543 -

311 581 503 634 Cicero
526 591 868 653 praeceperat,
895 582 948 634 in
986 580 1188 633 dicendo
1229 579 1410 633 vitium
1433 579 1521 633 vel
1556 580 1826 632 maximum
1861 580 1970 651 affe,
2003 600 2038 632 a

308 651 526 725 vulgari
543 672 726 724 genere
747 652 999 717 orationis,
1029 661 1178 724 atque
1201 670 1234 703 a
1257 651 1600 723 consuetudine
1623 651 1885 705 communis
1910 653 2042 722 skw-

297 725 393 794 sus
435 723 717 776 abhorrere.
789 722 896 776 Sed
919 735 942 767 8
986 722 1077 776 ille
1118 721 1302 789 duruS,
1345 733 1506 795 atque
1538 722 1883 775 ineruditus:
1939 740 2044 774 nos
2062 724 2134 779 26

312 794 524 860 meliuS,
551 794 748 867 quibus
771 794 983 847 sordent
1009 794 1206 858 omnia,
1232 812 1352 865 quae
1383 805 1572 850 natura
1605 793 1826 846 dictavit
1846 794 1867 826 ¹¹
1889 813 1902 845 ε
1943 792 2039 865 qui

315 884 422 919 non
462 879 775 919 ornamenta
816 865 1127 940 quaerimuS,
1159 863 1246 917 scd
1286 865 1589 918 lenocinia:
1629 865 1781 936 quafi·
1811 883 1941 917 vero
1979 865 2043 917 fit

313 935 453 991 ulla¹
496 938 798 1003 verborum,
841 937 934 989 nist
972 936 1046 989 rei
1096 936 1518 1000 cohaerentium,
1547 937 1747 989 virtus:
1812 954 1938 1007 quaer
1978 945 2043 989 ut

311 1007 527 1081 propria
549 1007 668 1072 fint,
694 1019 750 1061 et
779 1006 1036 1072 dilucida,
1063 1018 1118 1060 et
1152 1018 1354 1072 ornata,
1381 1018 1436 1060 et
1469 1018 1590 1077 apte
1627 1007 1979 1070 collocentur,
2002 1005 2040 1059 fi

315 1090 430 1133 tota
454 1079 564 1132 vita
585 1078 934 1132 laborandum
961 1080 1052 1144 est,
1079 1078 1253 1131 omnis
1280 1078 1567 1132 studiorum
1597 1078 1799 1132 fruetus
1829 1076 2045 1134 amissus

314 1150 407 1204 est.
482 1152 664 1221 Atque
702 1149 976 1222 plerosque
1014 1150 1192 1203 videas
1230 1149 1495 1202 haerentes
1538 1148 1678 1201 circa
1719 1148 1941 1220 singula,
1985 1160 2042 1202 et
2063 1159 2127 1217 27

316 1222 447 1276 dum
483 1221 779 1287 inveniunt,
805 1233 860 1274 et
895 1220 1024 1273 dum
1059 1222 1276 1274 inventa
1311 1220 1622 1292 ponderant,
1649 1239 1711 1273 ac
1745 1219 2040 1278 dimetiun-

316 1305 422 1346 tur.
498 1291 699 1348 Quod¹
745 1293 954 1347 etiamm
999 1292 1033 1345 fi
1072 1291 1274 1344 idcirco
1307 1292 1474 1356 tieret,
1500 1301 1562 1344 ut
1597 1292 1800 1362 semper
1823 1289 2046 1361 optimis

313 1375 608 1428 uterentur,
630 1363 986 1417 abominanda
1009 1374 1190 1417 tamen
1216 1363 1335 1417 haec
1360 1362 1646 1416 infelicitas
1671 1374 1802 1426 erat,
1829 1380 1949 1433 quae
1985 1373 2045 1415 et

316 1436 529 1490 cursum
570 1435 787 1489 dicendi
818 1434 1066 1501 refrenat,
1104 1445 1159 1487 et
1198 1434 1431 1487 calorem
1467 1433 1812 1506 cogitationis
1845 1431 2040 1487 exstin-

315 1506 439 1579 guit
462 1526 612 1560 mora
636 1517 691 1560 et
716 1506 1008 1559 diffidentia
1029 1517 1069 1560 ⁰.
1138 1505 1309 1559 Miser
1338 1506 1481 1558 enim
1509 1518 1565 1558 et
1608 1508 1691 1574 (ut
1728 1505 1795 1557 fic
1835 1503 2035 1573 dicam)
2063 1503 2132 1559 28

315 1596 515 1651 pauper
554 1589 731 1632 orator
769 1579 859 1643 est,
886 1578 980 1649 qui
1022 1577 1231 1630 nullum
1274 1578 1495 1645 verbum
1535 1595 1690 1646 aequo
1714 1576 1894 1628 animo
1918 1594 2040 1647 per·-
2122 1592 2128 1596 ’

311 1649 440 1702 dere
488 1650 674 1720 potest.
752 1649 858 1702 Sed
900 1668 968 1701 ne
1005 1648 1191 1721 perdet
1231 1648 1470 1720 quidem,
1516 1647 1610 1720 qui
1657 1649 1918 1700 rationem
1958 1646 2045 1700 lo-

315 1720 516 1792 quendi
536 1734 558 1758 0
594 1721 827 1792 primum
865 1720 1198 1791 cognoverit,
1221 1732 1340 1772 tum
1375 1719 1606 1772 lectione
1641 1719 1815 1771 multa
1839 1730 1894 1771 et
1918 1718 2045 1772 ido--r

316 1810 420 1845 nea
451 1792 712 1862 copiosam
751 1791 842 1846 fibi
882 1793 1163 1844 verborum
1201 1790 1584 1872 supellectilem
1621 1789 1958 1861 compararit,
1987 1800 2049 1844 et

313 1863 445 1916 huic
468 1863 769 1917 adhibuerit
793 1873 960 1916 artem
988 1861 1286 1916 collocandi
1309 1883 1321 1914 ι
1363 1861 1558 1914 deinde
1594 1861 1709 1914 haec
1745 1861 1926 1914 omnia
1948 1878 2044 1915 ex·

318 1934 630 1988 ercitatione
654 1934 885 2007 plurima
908 1934 1186 1999 roborarit,
1211 1945 1274 1986 ut
1298 1933 1500 2004 semper
1525 1933 1578 1985 in
1603 1944 1819 2005 promtu
1845 1932 1963 1999 sint,
1989 1942 2046 1986 et

316 2014 440 2060 ante
466 2005 670 2060 oculos.
746 2007 1039 2078 Namque?
1074 2004 1179 2058 hoc
1201 2003 1293 2076 qui
1316 2004 1523 2066 fecer-it,
1550 2004 1598 2058 ei
1620 2016 1642 2048 ‘1
1679 2023 1764 2057 res
1789 2022 1913 2056 cum
1939 2022 2042 2062 no-
2064 2018 2133 2075 29

315 2076 553 2130 minibus
578 2077 682 2130 suis
705 2088 1005 2131 occurrent.
1081 2074 1187 2130 Sed
1213 2094 1346 2148 opus
1381 2076 1450 2128 est
1484 2075 1652 2129 studio
1687 2074 2045 2147 praeceden'te,

316 2159 374 2201 et
420 2148 672 2221 acquisita
708 2148 991 2214 facultate,
1040 2159 1097 2201 et
1142 2148 1281 2218 quati
1332 2148 1571 2218 reposita.
1644 2147 1895 2217 Namque
1950 2147 2048 2200 ista.

317 2219 610 2291 quaerendi,
627 2219 928 2293 judicandi,
955 2218 1296 2291 comparandi
1321 2219 1576 2286 anxietas,
1603 2217 1734 2271 dum
1773 2218 2046 2284 discimus,

317 2291 622 2344 adhibenda
661 2292 750 2357 est,
784 2309 892 2343 non
935 2309 1060 2343 cum
1100 2290 1351 2344 dicimus·
1427 2290 1670 2362 Alioqui,
1709 2307 1904 2342 slcu'r
1949 2290 2045 2360 qui

316 2363 695 2433 patrimonium
725 2381 828 2415 non
855 2373 1122 2434 pararunt,
1152 2362 1369 2415 subinde
1406 2372 1686 2433 quaerunt:
1725 2362 1803 2414 ita
1833 2361 1888 2413 in
1920 2373 2043 2413 ora-
2126 2405 2129 2408 .

317 2434 483 2499 tione,
511 2434 604 2507 qui
629 2452 734 2486 non
762 2433 883 2485 satis
907 2433 1232 2486 laborarunt.
1307 2433 1363 2485 Si
1398 2443 1687 2504 praeparata
1724 2433 1805 2485 vis
1828 2432 2049 2487 dicendi
2063 2449 2136 2504 30

319 2503 498 2571 fuerit,
526 2516 681 2557 erunt
698 2515 712 2537 ¹
741 2504 795 2556 in
821 2504 1015 2570 officio,
1044 2505 1109 2557 fic
1135 2515 1198 2557 ut
1223 2523 1329 2556 non
1356 2505 1421 2558 ad
1445 2505 1689 2575 requifita
1713 2504 2042 2575 respondere,

321 2576 405 2628 sed
459 2587 520 2629 ut
562 2576 765 2647 semper
807 2576 1037 2630 sensibus
1079 2576 1339 2636 inhaerere
1384 2576 1678 2642 videantur,
1722 2585 1915 2646 atque⁸
1963 2593 2042 2629 UT
2121 2631 2123 2633 ,

321 2647 511 2700 umbra
536 2666 725 2718 corpus
749 2646 916 2718 sequi.
989 2649 1195 2700 Tamen
1214 2654 1227 2679 ἵ
1257 2646 1310 2698 in
1339 2647 1438 2699 hac
1465 2648 1571 2718 ipsa
1594 2666 1718 2700 cura
1742 2647 1811 2698 est
1837 2646 2049 2718 aliquid
2063 2666 2094 2721 3
2110 2667 2130 2704 1

323 2719 464 2772 satis,
536 2720 704 2784 Nam,
732 2737 854 2770 cum
884 2717 1095 2784 Latina,
1125 2718 1488 2790 significantia,
1515 2731 1719 2784 ornata,
1745 2727 1765 2749 ¹¹
1788 2729 1910 2790 apte
1947 2718 2047 2771 {int

380 2907 398 2932 ὃ
431 2903 496 2941 sed
515 2910 554 2940 et
571 2901 640 2941 ille
659 2901 712 2940 G.
741 2901 805 2940 scd
826 2900 892 2941 ille
915 2909 954 2941 et
975 2903 1026 2941 G.
1107 2899 1126 2926 ’¹
1161 2902 1300 2941 ditavit
1327 2903 1378 2942 G.
1398 2903 1505 2942 Jens.
1527 2917 1572 2942 ex
1590 2902 1770 2956 Italg'smo.
1847 2899 1857 2927 ³
1888 2902 1956 2942 illa
1974 2903 2042 2944 iid.

324 2957 329 2979 ¹
359 2957 658 2995 auae—fierent
676 2956 729 2995 G.
797 2962 835 2986 1¹¹
863 2970 932 2995 om.
953 2957 1004 2994 G.
1022 2955 1129 2996 Jens.
1198 2964 1221 2986 Ὠ
1251 2957 1470 2995 differentia
1490 2956 1558 2996 iid.
1643 2964 1661 2980 ⁰
1693 2956 1797 3007 eloq.
1817 2957 1869 2996 G.
1942 2957 2046 2997 »Sic

325 3011 375 3062 G.
395 3019 434 3049 et
455 3010 519 3063 ins
541 3009 594 3049 al.
722 3015 743 3047 q
773 3008 843 3047 fibi
864 3010 914 3048 G.
933 3010 1039 3048 Jens.
1169 3019 1185 3041 r
1213 3019 1328 3050 erunt
1348 3010 1557 3056 inofficiosi
1575 3023 1657 3049 non
1678 3019 1723 3049 ut
1741 3013 1790 3049 ad
1810 3023 1920 3062 requ.
1937 3012 2044 3052 Jcns.

323 3066 394 3102 erit
415 3065 455 3103 in
476 3065 610 3104 officio
631 3063 685 3103 fic
705 3075 790 3102 non
809 3073 854 3103 ut
873 3063 1046 3115 requiiiti
1065 3064 1115 3102 G.
1226 3073 1239 3090 ⁵
1273 3077 1340 3103 eos
1360 3065 1425 3118 ΞΨΖ
1447 3066 1500 3103 G.
1584 3067 1598 3094 t
1624 3078 1693 3103 om.
1711 3065 1818 3104 sens.
1900 3074 1918 3095 ¹²
1945 3077 2046 3106 cum

323 3118 389 3171 ins:
409 3119 462 3158 G.

387 3286 410 3311 2
420 3285 459 3324 ς.
492 3270 651 3324 Cicero]
685 3272 750 3314 De
771 3274 892 3313 Orat.
919 3286 960 3321 ι,
986 3285 1027 3323 3.
1227 3273 1353 3314 verba
1372 3270 1448 3325 stc,
1477 3285 1555 3313 non
1586 3279 1632 3314 ut
1659 3269 1848 3329 requisita
1877 3270 2047 3315 demum

386 3345 458 3384 29.
508 3327 697 3385 reposita]
758 3329 811 3371 In
861 3329 1056 3371 thesauris
1106 3338 1147 3370 et
1231 3340 1271 3372 et
1290 3329 1470 3371 arceffita
1486 3329 1733 3387 respondere,
1751 3329 1832 3388 sed
1846 3329 1958 3372 ultro
1986 3330 2048 3372 ita

327 3386 482 3430 horreis
515 3386 700 3437 collec'm,
733 3386 841 3429 unde
877 3401 1062 3444 promere
1097 3387 1148 3429 ad
1232 3387 1357 3430 adesse
1376 3397 1415 3430 et
1445 3396 1596 3429 nutum
1626 3386 1738 3443 quafi
1757 3387 1982 3436 obscurare,
2001 3396 2048 3430 ut

324 3444 446 3488 usum
467 3444 602 3502 possi&
622 3447 786 3501 quoties
806 3459 912 3501 opus
931 3445 1000 3486 est.
1217 3447 1381 3503 semper
1394 3443 1569 3503 staegfibus
1596 3443 1795 3488 inhaerere
1812 3445 2046 3489 videantur.

391 3518 461 3555 30.
502 3510 623 3544 erunt
655 3501 700 3545 in
731 3501 870 3556 qfficio]
918 3503 1151 3545 Videbatur
1231 3502 1397 3547 Famuli
1425 3502 1490 3546 vel
1518 3503 1707 3553 ministri,
1737 3512 1808 3545 aut
1838 3503 1880 3546 in
1909 3503 2050 3560 proxi-

326 3562 429 3603 mihi
452 3561 509 3602 ita
539 3559 844 3607 constituendus
870 3570 993 3616 atque
1025 3561 1150 3604 inter·
1233 3575 1303 3603 mo
1334 3562 1444 3612 sunt,
1476 3561 1651 3603 vocandi
1681 3571 1846 3614 tamen3
1876 3571 1949 3603 aut
1977 3575 2048 3604 co·

325 3619 547 3675 pretaudus
569 3618 636 3662 hic
666 3618 801 3670 locus,
822 3618 955 3661 Erunt
974 3618 1016 3661 in
1036 3618 1153 3679 officio
1234 3633 1324 3662 ram
1345 3620 1397 3663 ad
1414 3627 1566 3662 nutum
1584 3618 1764 3667 intenti:v
1788 3618 1840 3663 fic
1859 3619 1999 3663 verba·-
