2320 4030
626 262 909 313 INSTIT.
945 257 1287 311 ORATOR.
1321 261 1462 312 Lm.
1496 262 1560 312 x,
1595 227 1644 312 6‘.
1919 277 2012 324 213

287 397 397 451 fieri
418 398 621 452 solebat
637 401 681 464 0)
711 388 930 472 deligat,
958 408 1118 470 quem
1155 397 1421 469 sequatur,
1444 416 1604 469 quem
1638 397 1895 463 imitetur,
1913 398 2009 470 ju-

285 469 440 524 diciis
477 470 676 523 interfit
711 490 872 542 quam
909 469 1171 541 plurimiS‚
1197 480 1254 521 et
1284 468 1346 521 fit
1380 469 1704 532 certaminiS,
1732 470 1819 522 cui
1851 469 2009 523 desti-

198 552 266 593 20
288 550 462 606 natur,
488 541 737 612 frequens
761 541 1035 612 spe&ator.
1108 541 1254 591 Tum
1283 538 1478 591 caussas
1517 539 1597 591 vel
1622 540 1849 605 easdem,
1876 559 2010 611 quas

283 612 372 683 agi
409 611 652 677 audierit,
682 612 794 664 stilo
830 622 886 664 et
920 611 1026 681 ipse
1060 619 1364 682 componat,
1393 609 1475 662 vel
1499 611 1659 662 etiam
1686 611 1834 676 aliae,
1861 631 2010 665 veras

283 683 467 748 mod0,
493 694 549 736 et
586 683 898 754 utrimque?
935 681 1146 746 traetet,
1186 690 1259 746 et,
1302 697 1486 733 QUOD
1530 680 1582 732 in
1626 681 2008 752 gladiatoribus

284 753 396 805 fleri
438 753 702 818 videmuS‚
742 752 1050 806 decretoriis
1093 762 1416 817 exerceatur,
1459 761 1524 804 ut
1570 751 1743 804 fecisse
1781 753 2009 806 Brutum

282 822 519 878 diximus
550 843 645 895 pro
682 824 909 876 Milone.
983 821 1186 880 Melius
1222 822 1347 888 hoe,
1372 839 1531 892 quam
1556 823 1835 876 rescribere
1859 836 2006 876 vete-

279 894 432 948 ribus
469 895 819 960 orationibuS,
844 907 908 947 ut
943 893 1070 947 fecit
1107 894 1298 946 Sestius
1320 904 1341 937 ‘1
1376 904 1562 946 contra
1599 894 1875 947 Ciceronis
1912 914 2006 948 ac-

281 964 484 1019 tionem
528 965 765 1019 habitam
815 984 910 1036 pro
958 965 1168 1028 eodem,
1209 984 1335 1018 cum
1381 965 1598 1018 alteram
1640 977 1842 1036 partem
1885 965 2007 1019 satis

193 1051 257 1090 21
283 1036 424 1090 noffe
467 1057 574 1091 non
619 1038 779 1109 posset
818 1057 882 1090 ex
920 1036 1027 1089 sola
1064 1035 1380 1102 defensione.
1457 1036 1631 1090 Citius
1669 1048 1850 1090 autem
1897 1037 1964 1091 fic
1987 1047 2006 1071 ¹·

283 1107 509 1162 idoneus
545 1109 647 1162 erit
670 1108 907 1180 juveniS,
934 1126 1091 1179 quem
1130 1118 1421 1178 praeceptor
1456 1108 1694 1179 coegerit
1731 1108 1786 1160 in
1823 1108 2005 1162 decla-

282 1180 481 1233 mando
505 1198 661 1252 quarn
693 1179 1016 1232 simillimum
1044 1178 1144 1231 esse
1168 1178 1394 1243 veritati,
1419 1190 1473 1231 et
1496 1197 1589 1249 per
1626 1189 1764 1232 totas
1788 1178 1865 1232 ire
1888 1199 2006 1232 rna-2

281 1251 441 1304 terias
463 1271 475 1303 z
515 1270 737 1324 quarum
768 1269 909 1303 nunc
933 1249 1204 1315 facillima,
1230 1259 1287 1300 et
1311 1250 1543 1302 maxime
1578 1248 1885 1303 favorabilia
1907 1250 2006 1304 de-

282 1332 524 1393 cerpunt.
599 1323 788 1376 Obstat
830 1321 977 1387 huie,
1017 1320 1161 1392 quod
1202 1320 1436 1373 secundo
1475 1319 1650 1372 libro⁸
1694 1321 1863 1392 posui,
1900 1321 2007 1375 fre-

321 1412 452 1446 uens
473 1401 488 1427 ³
531 1394 688 1446 turba
721 1392 1119 1463 discipulorum,
1145 1401 1202 1444 et
1233 1390 1559 1445 consuetudo
1589 1390 1820 1445 claffium
1847 1393 2008 1447 certis

321 1465 472 1518 iebus
511 1465 934 1518 audiendarum:
988 1462 1236 1516 nonnihil
1276 1462 1440 1515 etiam
1480 1463 1733 1534 persuasio
1771 1475 2006 1534 patrum,

280 1535 678 1588 numerantium
719 1535 898 1608 potius
933 1534 1370 1598 declamationes,
1410 1552 1570 1606 quam
1611 1534 2004 1589 aestimantium.

191 1617 258 1664 22
283 1605 388 1659 Sed
417 1606 587 1678 (quod
613 1606 725 1660 dixi
750 1606 939 1679 prim0,
965 1617 1028 1658 ut
1052 1604 1295 1671 arbitror,
1321 1605 1482 1673 libro)
1512 1624 1611 1658 nec
1639 1604 1732 1658 ille
1755 1605 1805 1658 se
1828 1606 2008 1660 bonus

278 1680 572 1749 praeceptor
595 1677 792 1750 majore
816 1695 1058 1742 numero,
1084 1695 1247 1749 quam
1272 1675 1516 1729 sustinere
1541 1676 1707 1758 potiit,
1726 1677 1971 1730 onerabit
1988 1697 2006 1731 z

278 1759 336 1802 et
360 1749 578 1803 'nimiam
616 1749 996 1821 loquacitatem
1033 1747 1234 1800 recidet
1250 1759 1293 1812 ¹¹,
1319 1758 1382 1800 ut
1412 1765 1609 1812 omma,
1636 1767 1757 1819 quae
1791 1748 1914 1810 sunt
1946 1748 2006 1803 in

279 1821 644 1886 controversia,
673 1839 780 1873 non
820 1824 903 1890 (ut
938 1819 1158 1891 quidam
1198 1817 1406 1886 volunt)
1447 1837 1569 1890 quae
1607 1819 1662 1870 in
1697 1838 1871 1872 rerum
1909 1838 2005 1872 na-

279 1901 416 1956 tura,
457 1892 777 1944 dicanturv:
840 1901 896 1944 et
941 1891 1027 1943 vel
1071 1889 1314 1962 longiore
1355 1890 1534 1961 potius
1582 1889 1790 1943 dierum
1839 1890 2008 1962 spatio

279 1961 480 2017 laxabit
512 1962 724 2016 dicendi
756 1962 1132 2026 neceffitatem‚
1159 1961 1244 2014 vel
1279 1961 1527 2014 materias
1546 1969 1569 1992 '²
1607 1961 1843 2025 dividere
1882 1979 2006 2034 per-

191 2051 256 2105 23
281 2033 464 2088 mittet
482 2044 523 2088 2.
611 2030 774 2087 Unaa
823 2033 967 2087 enim
1016 2033 1303 2105 diligenter
1349 2031 1535 2085 effeEta
1581 2031 1701 2104 plus
1750 2033 2006 2104 proderit,

280 2123 440 2176 quam
467 2105 642 2178 plures
667 2105 970 2158 inchoataeb
993 2115 1047 2157 et
1071 2104 1210 2175 quafi
1237 2103 1546 2176 degustatae.
1621 2105 1838 2175 Propter
1861 2104 2008 2175 quod

278 2177 491 2242 accidit,
517 2188 581 2230 ut
606 2195 704 2229 nec
728 2178 819 2230 suo
861 2176 983 2244 loco
1055 2175 1258 2246 uidque
1281 2184 1300 2206 ⁶
1326 2184 1582 2245 ponatur:
1623 2192 1722 2227 nec
1748 2174 1856 2240 illa,
1883 2194 2007 2247 quae

203 2308 209 2317 ,
278 2248 450 2319 prima
471 2248 608 2313 sunt,
633 2248 838 2301 servent
870 2247 1013 2299 suam
1063 2265 1256 2318 egem:
1285 2244 1574 2317 juvenibus
1609 2245 1849 2298 flosculos
1883 2265 2005 2299 om-

191 2330 198 2340 ⁴
279 2317 429 2376 nium
455 2319 686 2391 partium
711 2319 766 2372 in
789 2336 868 2384 ea,
891 2335 1012 2390 quae
1036 2318 1156 2370 sunt
1179 2316 1395 2381 diecuri,
1423 2317 1869 2388 congerentibus:
1889 2310 2007 2390 ’quo

282 2385 359 2455 fit,
391 2401 453 2442 ut
477 2389 747 2456 timenteS,
774 2408 841 2443 ne
864 2388 1134 2462 sequentia
1158 2387 1398 2460 perdant,
1425 2388 1600 2458 priora
1622 2387 1973 2442 confundant.

349 2462 454 2515 VI.
494 2461 737 2514 Proxima
763 2461 875 2514 stilo
899 2459 1127 2532 cogitatio
1165 2460 1254 2524 est,
1280 2478 1401 2530 quae
1424 2470 1478 2511 et
1505 2458 1614 2530 ipsa
1637 2458 1772 2512 vires
1803 2460 1870 2512 ab
1899 2459 2006 2513 hoc

279 2532 493 2605 accipit,
533 2543 591 2586 et
626 2534 698 2585 est
731 2532 867 2585 inter
898 2530 1159 2584 scribendi
1195 2530 1452 2594 laborem,
1485 2529 2008 2611 extemporalemque

280 2603 546 2657 fortunam
585 2603 762 2656 media
795 2603 1063 2674 quaedam,
1091 2613 1148 2654 et
1184 2601 1360 2653 nescio
1397 2619 1463 2653 an
1496 2600 1619 2654 usus
1651 2601 2002 2671 trequentiffi-

280 2674 439 2727 ΨΜ.υ
492 2675 635 2727 Nam
671 2674 894 2727 scribere
933 2693 1032 2726 nec
1066 2672 1286 2742 ubique,
1326 2687 1427 2724 nec
1460 2671 1662 2744 semper
1696 2671 2001 2743 possumus:

278 2745 595 2818 cogitationi
634 2746 886 2818 temporis
919 2763 981 2798 ac
1019 2744 1124 2797 loci
1160 2742 1448 2815 plurimum
1482 2743 1572 2795 est.
1646 2743 1784 2796 Haec
1821 2746 2005 2815 paucis

332 2916 358 2940 0
385 2916 480 2956 solet
500 2917 552 2958 G.
647 2923 667 2950 Ρ
693 2925 908 2966 utrumque
930 2915 980 2955 G.
1001 2915 1106 2955 Jens.
1206 2922 1225 2953 q
1256 2914 1407 2954 Cestius
1425 2914 1541 2966 Bqfil.
1571 2914 1657 2953 vid.
1675 2921 1748 2953 not.
1846 2927 1866 2953 r
1884 2913 1912 2953 si
1932 2915 2001 2954 fid.

278 2980 294 3002 ε
323 2969 414 3009 loco
434 2972 486 3011 G.
595 2975 607 3000 t
636 2972 716 3010 sere
734 2971 784 3010 G.
804 2971 910 3009 Jens.
1021 2978 1039 3000 u
1068 2969 1238 3008 recidere
1257 2969 1308 3008 G.
1418 2974 1437 2993 v
1468 2971 1668 3007 ducantur
1683 2968 1790 3008 Jens.
1877 2975 1901 2998 Χ
1928 2968 2003 3008 fibi

281 3023 350 3076 ins.
368 3027 472 3064 Jens.
645 3031 662 3050 2
697 3026 889 3075 permittit
909 3024 959 3063 G.
1135 3030 1150 3047 ²
1181 3035 1264 3065 nna
1281 3023 1393 3061 enim
1412 3036 1482 3061 om.
1502 3023 1553 3062 G.
1571 3021 1677 3062 Jens.
1838 3019 1857 3047 δ
1889 3023 2004 3062 inco-

282 3080 388 3118 hatae
405 3079 473 3118 iid.
583 3083 599 3103 ⁶
633 3080 854 3130 quidquam
874 3077 926 3116 G.
1035 3075 1052 3101 ‘¹
1083 3076 1418 3130 frequentissimus
1437 3075 1490 3115 G.

341 3245 414 3273 20.
446 3230 620 3274 Brutum
651 3228 851 3283 diximus]
891 3226 992 3270 vid.
1028 3242 1099 3278 10,
1183 3227 1385 3270 Controv.
1422 3227 1598 3276 Senecae,
1628 3235 1677 3269 ut
1708 3225 1891 3269 Cestium
1924 3227 2005 3272 Ci-

286 3302 327 3338 ¹,
350 3303 422 3341 23.
1180 3285 1445 3342 ceromastiga
1465 3298 1514 3326 co
1573 3285 1774 3334 osc-amm,
1793 3298 1918 3341 quem
1936 3286 2002 3327 in-

343 3360 414 3388 20.
446 3354 491 3386 ut
505 3343 612 3400 ficit
640 3343 804 3403 Sestius]
837 3345 919 3387 Vix
947 3343 1100 3386 dubito
1182 3351 1243 3385 ter
1263 3342 1344 3385 alia
1361 3298 1613 3398 recitcfflit
1632 3341 1676 3384 in
1693 3340 1903 3385 Milonem.

283 3417 417 3446 veram
437 3403 510 3445 effe
530 3403 743 3446 leffionem
773 3402 893 3460 supra
920 3401 1098 3459 propofi-
1238 3415 1312 3443 αι.
1328 3399 1504 3458 ficundo
1521 3398 1644 3453 libro]
1676 3414 1720 3451 2,
1739 3413 1785 3455 4,
1811 3414 1878 3455 15·
1902 3398 2000 3445 Pri-

283 3472 386 3503 tam.
447 3461 639 3517 Legenda
675 3462 730 3503 est
768 3474 861 3517 pars
906 3459 1098 3518 posterior
1178 3472 1257 3510 mo,
1280 3473 1320 3509 1,
1341 3473 1384 3510 2,
1405 3459 1495 3512 15.‘

283 3520 474 3576 prooemii
523 3518 574 3564 ad
618 3519 772 3561 librum
826 3533 845 3578 3
896 3519 1093 3573 Excerpt.

1205 3590 1234 3626 Ρ
1261 3590 1293 3646 3
