2320 4030
339 362 430 410 108

702 358 778 409 M.
812 357 1021 407 FABII
1057 356 1632 406 QUINCTILIANI

330 495 476 548 rebus
501 495 781 568 agentibus,
809 494 958 567 quod
985 493 1154 547 Pollio
1188 491 1244 545 in
1282 491 1524 546 Labieno
1546 491 1800 545 damnat:
1841 501 1915 559 et,
1940 487 2052 546 eon-

334 565 587 648 tumeliam.
612 566 764 637 feeit,
791 565 936 638 quod
974 583 1005 618 a
1045 562 1306 618 Cicerone
1350 562 1665 636 reprehendi
1708 574 1896 616 notum
1944 565 2014 617 cst
2035 585 2050 616 ε

330 637 468 708 affici
506 657 650 691 emm
693 636 986 703 contumelia
1022 635 1292 688 dicebant.

1366 634 1493 687 Alia
1527 630 1923 688 commendatio
1957 653 2052 690 vc·
2077 648 2145 700 14

331 709 556 775 tustatiS,
584 707 736 781 cujus
761 718 963 760 amator
985 705 1143 764 unice
1167 705 1428 778 Virgilius
1452 704 1576 771 fuit,

481 811 570 864 Vel
595 810 771 883 cumse
785 808 1032 881 pavidum
1054 817 1224 860 eontra
1247 828 1355 860 mea
1361 807 1547 881 jurgia
1554 808 1730 880 jac‘t’at
1747 808 1769 840 ¹²
1794 829 1812 861 .·

431 956 435 961 ¹
472 895 764 967 Progeniem
770 893 872 966 sed
893 892 1020 946 enim
1047 893 1256 967 Trojano
1282 893 1580 966 asanguine
1604 893 1719 946 duci

471 967 743 1021 Audierat.

331 1069 592 1121 Quorum·
629 1064 815 1118 fimilia
857 1064 997 1136 apud
1039 1073 1242 1118 veteres
1281 1063 1515 1136 tragicos
1554 1065 1891 1137 comicosque
1933 1066 2054 1120 sunt

325 1138 577 1219 plurima.
633 1136 776 1189 Illud
799 1136 958 1189 etiam
985 1136 1038 1188 in
1065 1136 1447 1190 consuetudine
1471 1137 1733 1202 remanfit,
1759 1138 2050 1193 Enimvero.

329 1211 435 1264 His
459 1208 688 1279 amplius
712 1207 853 1280 apud
881 1207 1131 1260 eumdem
1153 1227 1166 1259 ε

466 1303 604 1357 Nam
630 1303 739 1378 quis
765 1312 810 1355 te
816 1304 1067 1377 juvenum
1091 1303 1478 1376 corfidentffme
1497 1326 1513 1357 .·

328 1417 489 1472 cum³
517 1418 629 1490 quis
651 1416 905 1470 sermonis
929 1414 1142 1468 initium
1170 1415 1249 1471 fit.

1326 1415 1351 1446 k
1371 1417 1463 1481 Et,

469 1517 599 1570 Tam
621 1515 784 1588 magis
800 1514 900 1574 illa
924 1525 1146 1579 tremem,
1175 1523 1221 1565 et
1245 1513 1460 1585 tristibus
1485 1515 1640 1585 effera
1647 1512 1898 1587 flammis,

472 1588 659 1644 Quam¹
684 1586 847 1658 magis
872 1586 1021 1659 effuso
1048 1586 1334 1658 crudeffcunt
1348 1586 1607 1658 sanguine
1622 1600 1833 1660 pugnae.

327 1699 493 1756 Quod
516 1700 588 1753 cst
612 1698 814 1753 versum
838 1716 905 1752 ex
929 1697 1044 1765 illo,
1075 1698 1235 1769 Quam
1265 1698 1427 1771 magis
1450 1719 1676 1765 aerumna
1699 1713 1846 1775 urget
1862 1713 1916 1770 ¹¹¹,
1944 1707 2051 1758 tam>

380 1855 402 1881 '¹
430 1855 553 1905 jactet
572 1855 624 1893 G.
651 1855 768 1905 fingit
786 1854 922 1905 legitur
940 1862 1001 1906 ap.
1025 1856 1067 1894 V
1064 1854 1167 1906 irgil.

1080 1908 1090 1933 ¹
1122 1921 1203 1959 quo
1224 1909 1276 1947 G.
1303 1908 1385 1948 vid.
1407 1909 1476 1961 leg.
1499 1922 1579 1960 quo
1596 1912 1786 1951 sermonis
1803 1912 1966 1953 initium
1983 1913 2047 1954 fit.

327 1903 482 1963 inseram
501 1909 569 1947 illu
591 1908 846 1960 [Pleni-leno]

1317 1851 1325 1878 ἰ
1359 1867 1441 1905 quo
1458 1855 1572 1895 serm.
1593 1856 1645 1895 G.
1663 1857 1771 1898 Jens.
1920 1855 1942 1886 k
1972 1859 2048 1898 Hie

325 1969 360 1989 ⁸¹¹
390 1965 456 2004 Sic
475 1965 527 2003 G.
545 1963 651 2002 Jens.
669 1972 705 2002 et
723 1962 776 2002 al.
795 1963 833 2001 in
845 1971 911 2014 pr.
932 1963 1076 2003 Mun-t.
1099 1964 1143 2003 V.
1165 1963 1214 2002 L.
1237 1976 1301 2015 19,
1323 1976 1361 2004 2.
1382 1964 1654 2015 viget—urget
1671 1965 1726 2005 al.

389 2114 459 2154 13.
490 2098 610 2143 rebus
634 2098 866 2156 agentibus]
904 2100 1046 2142 Etiam
1076 2098 1146 2141 hic

326 2173 437 2215 aqua
455 2158 560 2201 mihi
580 2157 722 2201 haeret.
775 2159 1038 2200 Somniabam
1068 2157 1146 2199 ali-

325 2218 430 2274 quid
468 2217 518 2258 de
557 2215 768 2272 agentibus
803 2214 849 2258 in
885 2214 1004 2258 rebus
1019 2234 1032 2258 .-
1079 2216 1146 2258 sed

325 2291 424 2322 mox
440 2276 544 2324 vidi,
565 2275 620 2317 ad
646 2274 752 2318 hanc
781 2288 851 2316 eos
879 2283 1043 2316 aetatem
1062 2288 1145 2316 non

327 2333 583 2376 adscendere.

387 2407 404 2435 ι
418 2407 458 2444 3.
489 2387 766 2435 contumeliam
775 2389 902 2447 ficit]
928 2391 1068 2433 Locus
1085 2390 1141 2434 est

323 2449 438 2493 Phil.
477 2464 516 2503 3,
554 2465 596 2504 9.
649 2448 867 2505 Scripserat
906 2449 1139 2499 Antonius,

323 2506 454 2552 Nulla
490 2505 727 2552 contumelia
762 2506 830 2564 est,
866 2521 991 2564 quam
1025 2506 1142 2562 facit

323 2566 496 2622 dignm.-
530 2565 752 2621 interrogat
782 2565 946 2616 Cicero,
965 2563 1065 2622 quid
1087 2563 1152 2622 ql

317 2632 439 2681 porro
458 2625 606 2668 Facere
625 2622 947 2666 contumeliam?
975 2622 1065 2680 quis
1079 2623 1140 2677 stc

322 2680 538 2740 loquitur?
588 2683 653 2724 De
682 2681 759 2724 hoc
789 2680 879 2723 loco
912 2694 1001 2725 xva
1031 2680 1138 2723 viro·

322 2756 416 2784 rum
445 2739 700 2782 eruditorum
729 2739 946 2783 sententias
971 2738 1138 2797 collegit

324 2798 568 2843 Gronovius
598 2797 700 2841 Obs.
727 2813 766 2851 3,
798 2801 840 2839 8.
877 2798 949 2853 qui
977 2797 1060 2855 ipse
1089 2813 1138 2840 eo

321 2856 486 2900 tandem
505 2855 658 2904 evadit,
672 2870 752 2898 non
773 2854 1044 2898 soloecismum
1060 2857 1137 2909 ob-

313 2915 390 2968 jici
411 2915 617 2964 Antonin,
633 2913 697 2956 sed
716 2914 1024 2956 obscuritatem.
1046 2914 1137 2956 Mi·

320 2973 366 3016 hi
388 2974 606 3016 videbatur
634 2971 940 3031 Qinc'tilianus
968 2971 1135 3028 quidem

318 3032 379 3074 ita
398 3030 556 3089 cepisse,
575 3038 624 3072 ut
641 3038 835 3087 ceperunt
855 3030 1134 3081 Camerarius,

318 3091 532 3141 Muretus,
553 3088 775 3138 Schottus,
789 3087 1026 3146 Scioppius,
1047 3088 1136 3130 Sal-

317 3146 482 3198 mafiuS,
505 3161 649 3204 nempe
675 3145 835 3189 dietum
865 3148 919 3187 ab
945 3145 1138 3188 Antonio

306 3208 458 3262 facere
476 3203 751 3247 contumeliam
776 3213 825 3246 ut
841 3203 992 3258 facere
1018 3204 1136 3246 dam-

318 3279 429 3313 num,
447 3264 684 3319 jamnem,
711 3261 1009 3311 detrimentum,
1030 3276 1138 3304 nau-

307 3320 519 3380 fragium,
566 3319 750 3371 ruinam,
787 3319 960 3370 vitium,
1008 3319 1052 3363 h.
1093 3335 1134 3364 e.

347 3383 422 3424 ati.

316 3398 343 3440 p
380 3452 452 3489 14.
485 3436 559 3479 Vel
580 3451 670 3479 cum
690 3436 761 3493 se]
796 3436 908 3478 AEn.
935 3438 1130 3486 11,4.06.

318 3496 392 3540 Vel
415 3496 484 3541 hic
519 3494 596 3538 sme
620 3494 752 3538 dubio
771 3493 971 3551 fignificat
990 3492 1132 3544 etiam,

316 3556 433 3603 adeo,
454 3567 548 3594 curn
570 3553 611 3595 vi
631 3551 920 3609 exaggerandi.
967 3551 1042 3592 Sed
1063 3566 1134 3599 ne.

318 3627 399 3675 que
420 3613 462 3658 in
481 3610 573 3661 hoc,
594 3624 724 3670 neque
755 3611 797 3652 in
826 3609 1011 3671 proximo
1033 3608 1135 3654 Pro.-

1219 2097 1396 2155 geniem,
1417 2098 1552 2140 sumto
1570 2115 1620 2141 ex
1639 2102 1749 2143 AEn.
1774 2116 1816 2152 1,
1839 2117 1910 2158 19,
1939 2100 2052 2145 com-‘

1225 2156 1514 2199 mendationem
1533 2158 1752 2216 vetustatis
1773 2158 2047 2216 deprehende-

1225 2229 1267 2257 re
1286 2214 1409 2257 facile
1425 2215 1494 2257 est.
1546 2217 1753 2273 Equidem
1776 2217 1818 2260 in
1837 2217 1919 2270 his,
1938 2221 1980 2261 e't
1997 2235 2045 2262 a·

1223 2272 1378 2330 liquot,
1409 2288 1504 2330 quae
1544 2274 1785 2331 sequuntur,
1817 2275 2045 2332 particula-

1223 2346 1317 2373 rum
1337 2331 1456 2373 usum
1475 2332 1596 2375 video
1613 2347 1694 2376 non
1722 2333 1954 2391 vulgarem,
1973 2350 2043 2378 eo-

1224 2404 1307 2446 que
1324 2389 1621 2432 vehementiam
1640 2391 1847 2448 quandam
1865 2393 2043 2438 orationi

1222 2446 1432 2490 conciliari
1458 2447 1600 2491 sentio.
1651 2450 1801 2506 Itaque
1829 2458 1924 2492 ante
1950 2465 2042 2495 ver-

1221 2505 1311 2548 sum
1331 2505 1405 2548 Vel
1424 2519 1514 2549 cum
1534 2507 1584 2564 οΙὲ
1606 2506 1818 2564 pavidum
1844 2511 2042 2568 praecepti

1221 2564 1382 2622 aliquid
1413 2564 1479 2607 vel
1507 2565 1816 2615 observationis,
1846 2567 1959 2622 quod
1987 2569 2040 2611 ad

1219 2622 1423 2666 vetustum
1461 2624 1581 2665 usum
1613 2622 1917 2680 particularum
1953 2626 2041 2684 spe-

1221 2681 1365 2723 ciatim
1397 2681 1615 2738 pertineat,
1645 2682 1849 2733 excidisse,
1881 2688 2054 2729 certum

1220 2739 1369 2782 habeo.

1282 2812 1355 2850 14.
1394 2794 1644 2851 Enimvero]

1220 2855 1381 2913 proprie
1399 2856 1679 2897 excitantibus
1698 2856 1734 2897 se
1762 2857 1828 2898 vel
1857 2856 1962 2900 alios
1985 2859 2039 2901 ad

1220 2913 1411 2956 affectum
1431 2913 1659 2969 graviorem
1679 2915 1907 2966 convenire,
1926 2924 1967 2957 et
1986 2915 2038 2960 fic

1217 2971 1316 3027 poni
1337 2972 1389 3013 ab
1410 2971 1558 3021 initiis,
1578 2970 1654 3014 ubi
1681 2974 1845 3029 proprie
1873 2970 2037 3018 c'auffali

1217 3028 1434 3087 particulae
1461 3028 1576 3071 locus
1605 3043 1686 3071 non
1709 3039 1811 3081 erat,
1832 3030 2037 3074 induaio-

1218 3101 1269 3130 ne
1286 3086 1408 3129 facile
1426 3087 1608 3144 probari,
1629 3086 1657 3129 si
1684 3087 1782 3144 quis
1806 3089 2034 3140 dubitaret,
2052 3095 2056 3100 ’

1218 3145 1358 3203 posset.
1402 3144 1560 3187 Eadem
1580 3144 1634 3187 est
1651 3145 1759 3187 ratio
1776 3149 1840 3191 τῆς
1859 3145 1971 3189 Nam
1990 3148 2036 3191 in

1217 3204 1348 3254 versu,
1368 3216 1489 3260 quem
1510 3201 1644 3245 statim
1663 3202 1803 3245 laudat
1823 3218 1844 3244 e
1868 3205 2032 3262 Georg.

1217 3274 1263 3312 4,
1296 3275 1417 3316 4452
1463 3260 1540 3303 ubi
1577 3261 1758 3310 Servius,
1790 3261 1934 3311 Hodie,
1969 3263 2033 3305 in.

1218 3320 1328 3375 quit,
1374 3329 1481 3363 ΝΛΜ
1525 3317 1736 3375 particula
1775 3318 2035 3376 pqstponitur,

1216 3384 1340 3419 antea
1362 3376 1692 3434 praeponebatur.
1743 3377 1801 3418 Et
1820 3376 1911 3419 sane
1930 3377 2034 3434 saepe

1215 3434 1274 3476 ita
1301 3435 1545 3477 Terentius.
1597 3434 1648 3475 In
1678 3432 1750 3475 illo
1770 3433 1875 3477 ‘Tam
1904 3435 2043 3492 veagis

1214 3507 1265 3534 ex
1300 3494 1412 3535 AEn.
1444 3507 1488 3543 7,
1510 3495 1612 3544 787,
1635 3491 1790 3546 *itidem
1825 3492 2033 3559 particula
2060 3505 2063 3507 ’

1214 3550 1285 3599 est,
1314 3550 1358 3592 in
1392 3563 1476 3605 qua
1509 3564 1534 3593 a
1564 3547 1731 3612 vulgari
1761 3559 1918 3598 ratione
1947 3550 2031 3602 dic.

1216 3606 1323 3654 cessit
1343 3608 1484 3655 Maro.

1690 2797 1817 2856 Qod
1862 2800 1961 2842 verb
1966 2814 2037 2843 um

2075 1213 2139 1272 15
