2320 4030
270 304 367 369 258
656 303 733 352 M.
770 300 977 350 FABII
1006 298 1593 349 QUINCTILIANI

268 437 625 510 Hypocritem
652 447 673 471 ¹¹
725 436 937 504 studuit,
990 446 1049 490 ut
1097 433 1480 489 admirantibus
1528 434 1643 504 ejus
1695 433 1987 492 orationem

271 509 495 562 Rhodiis
531 528 635 561 non
674 508 943 562 immerito
979 507 1259 560 AEschines
1295 503 1474 558 dixiffe
1509 505 1767 571 videatur,
1798 509 1994 579 quidsi

271 580 425 652 ipsum
449 579 699 650 audiffetis
720 582 751 632 ἒ
787 581 857 631 Et
896 580 980 632 M.
1010 578 1200 631 Cicero
1238 595 1392 629 unam
1429 575 1483 628 in
1519 575 1717 629 dicendo
1755 578 1991 632 actionem

271 651 514 703 dominari
550 642 718 723 putat.
794 651 921 702 Hac·
949 650 1054 702 Cn.
1082 646 1371 700 Lentulum
1408 645 1528 716 plus
1563 646 1827 716 opinionis
1859 666 1986 701 con·
2012 653 2042 706 8

270 720 530 785 secutum,
559 739 715 791 quam
751 719 1072 790 eloquentia,
1110 718 1301 770 tradit:
1347 717 1531 770 eadem
1574 717 1638 770 C.
1683 719 1992 773 Gracchum

274 791 329 843 in
378 791 618 844 deflenda
662 790 833 842 fratris
877 808 1007 842 nece
1049 789 1214 842 totius
1255 787 1439 860 populi
1479 789 1705 842 Romani
1750 789 1992 843 lacrimas

255 862 584 915 -concitaffet
625 861 924 913 Antonium
952 873 1008 912 et
1045 860 1279 912 Craffum
1306 858 1537 911 multum
1569 858 1797 925 valuiffe,
1858 860 1991 914 luri·
2074 914 2079 921 ,

258 951 423 985 nium
463 951 584 985 vero
611 933 685 985 Q..
716 931 1054 983 Hortensium
1079 951 1092 982 x
1133 930 1287 1001 cujus
1313 929 1385 981 rei
1414 929 1543 982 fides
1581 930 1671 995 est,
1699 949 1805 1002 quo
1879 931 1993 1003 ejus

271 1003 459 1074 scripta
482 1015 689 1056 tantum
717 1001 854 1054 intra
877 1001 1068 1053 famam
1104 1000 1243 1064 sunt,
1270 1000 1402 1070 qui⁰
1430 999 1523 1052 diu
1554 1001 1796 1072 princeps
1815 1011 1836 1044 Ρ
1874 1021 1993 1055 ora-

273 1085 472 1139 torum,
501 1073 786 1144 aliquando
827 1071 1055 1124 aemulus
1092 1071 1366 1124 Ciceronis
1404 1070 1723 1124 existimatus
1765 1073 1855 1136 est,
1892 1092 1992 1125 no-

274 1145 490 1209 viffime,
517 1143 695 1215 quoad
722 1142 875 1208 vixit,
900 1141 1160 1195 secundus
1185 1163 1197 1194 :
1237 1154 1299 1194 ut
1333 1153 1595 1213 appareat,
1621 1143 1867 1214 placuiffe
1891 1143 1994 1197 ali-

272 1214 405 1286 quid
437 1233 502 1268 eo
537 1215 769 1279 dicente,
795 1212 939 1284 quod
969 1213 1210 1284 legentes
1235 1231 1342 1264 non
1378 1212 1699 1267 invenimus,
1772 1215 1843 1267 Et
1866 1214 1991 1268 her-
2016 1237 2048 1290 9

275 1286 358 1339 cle
399 1304 523 1339 cum
566 1285 775 1338 valeant
812 1283 1042 1337 multum
1082 1284 1241 1337 verba
1274 1302 1365 1353 per
1401 1284 1471 1347 se,
1500 1295 1555 1336 et
1592 1302 1694 1336 vox
1730 1285 1994 1357 propriam

274 1356 383 1410 vim
410 1355 623 1428 adjiciat
647 1356 826 1420 rebus,
852 1366 908 1408 et
932 1356 1105 1426 gestus
1130 1355 1412 1426 motusque
1439 1354 1693 1426 fignificet
1714 1367 1736 1398 ‘1
1768 1356 1994 1438 aliquid,

274 1427 511 1499 profecto
547 1426 839 1498 perfectum
880 1426 1132 1498 quiddam
1175 1425 1305 1491 fieri,
1333 1444 1457 1478 cum
1496 1426 1676 1479 omnia
1711 1426 1936 1480 coierint
1955 1437 1994 1493 ¹,

254 1499 476 1551 »necesse
502 1499 590 1550 est.
665 1499 802 1550 Sunt
826 1509 1006 1550 tamen
1033 1496 1125 1567 qui
1160 1496 1348 1549 rudem
1372 1495 1542 1559 illam,
1569 1507 1624 1550 et
1648 1497 1862 1570 qualem
1883 1498 1992 1551 im-
2020 1520 2088 1557 10

273 1579 428 1641 petus
461 1567 712 1641 cujusque
744 1567 910 1620 animi
946 1567 1092 1631 tulit,
1121 1567 1386 1621 actionem
1417 1567 1666 1639 judicent
1702 1567 1994 1636 fortiorem,

274 1646 332 1693 'et
354 1640 515 1693 solam
543 1639 666 1693 viris
695 1638 914 1711 dignam
939 1659 953 1690 x
992 1637 1080 1690 sed
1104 1656 1207 1690 non
1236 1638 1324 1690 alii
1350 1638 1477 1704 fere,
1504 1658 1666 1711 quam
1704 1640 1798 1711 qui
1834 1641 1997 1694 etiam

274 1709 334 1764 in
359 1710 586 1764 dicendo
619 1728 818 1774 curam,
845 1719 901 1763 et
937 1718 1124 1774 artem,
1151 1717 1207 1762 et
1245 1710 1494 1775 nitorem,
1522 1720 1578 1763 et
1602 1710 1865 1783 quidquid
1892 1712 1995 1765 stu-

273 1781 366 1834 dio
391 1791 622 1853 paratur,
647 1791 711 1834 ut
735 1778 976 1834 affectata
999 1789 1056 1833 et
1088 1797 1274 1851 parum
1304 1781 1560 1834 naturalia
1593 1781 1758 1834 solent
1791 1782 1995 1854 impro-

274 1852 402 1906 bare
422 1874 438 1918 3
478 1851 560 1904 vel
584 1852 675 1923 qui
701 1852 981 1905 verborum
1008 1859 1168 1921 atque
1189 1850 1208 1903 i
1249 1852 1346 1905 fius
1370 1852 1529 1904 etiam
1556 1853 1666 1906 soni
1691 1852 1998 1921 rusticitate,

274 1933 339 1976 ut
375 1925 440 1976 L.
469 1924 685 1976 Cottam
723 1922 858 1975 dicit
883 1922 1073 1975 Cicero
1099 1921 1200 1975 feci
1241 1942 1290 1988 e,
1318 1923 1668 1976 imitationem
1702 1924 1994 1996 antiquita-

275 1994 345 2046 tis
389 1993 653 2047 affectant.
728 1995 935 2062 Verum
975 1993 1056 2046 illi
1097 1993 1422 2065 persuafione
1467 1995 1558 2048 sua
1602 1994 1864 2060 fruantur,
1942 1995 1995 2050 ui
2020 2017 2083 2055 11

275 2063 606 2130 hominibuS,
632 2073 694 2117 ut
729 2064 827 2117 fint
857 2074 1108 2128 oratoreS,
1134 2065 1256 2117 satis
1290 2075 1480 2136 putant
1504 2065 1680 2119 nasci:
1720 2013 1938 2119 nostro?
1971 2099 1995 2110 -

275 2135 397 2190 bori
430 2135 563 2190 dent
593 2135 818 2202 veniam,
844 2135 937 2207 qui
974 2134 1109 2188 nihil
1133 2135 1400 2190 credimus
1436 2137 1534 2190 effe
1559 2136 1876 2209 perfeEtum,
1904 2138 1997 2192 nifi

288 2339 292 2343 .
334 2311 353 2333 ἢ
383 2304 671 2356 Hippocratem
692 2305 742 2344 G.
761 2305 867 2344 Jens.
975 2309 994 2328 ⁰
1025 2317 1149 2356 quam
1168 2305 1234 2346 iid.
1299 2355 1302 2358 ὴ
1357 2310 1377 2339 Ρ
1403 2306 1589 2357 deinceps
1606 2306 1712 2346 Jens.
1833 2313 1854 2346 <1
1883 2304 2001 2356 figni-

281 2358 403 2399 ficem
423 2360 474 2398 G.
582 2367 597 2389 1'
627 2360 755 2398 coiere
776 2360 827 2399 G.
847 2359 1030 2398 coierunt
1046 2359 1152 2399 Jens.
1405 2374 1411 2379 ·

281 2492 439 2536 actione
464 2492 506 2552 s.
547 2492 733 2552 lgypocrifi
758 2492 1024 2551 responsiones
1056 2509 1099 2537 e·
1183 2496 1298 2538 Cotta
1325 2495 1510 2551 gaudere
1537 2494 1636 2538 mihi
1653 2494 1826 2538 videtur
1837 2496 1999 2552 gravi-

282 2561 439 2594 narrat.
1182 2560 1268 2595 tate
1302 2554 1432 2608 (conj.
1463 2555 1614 2596 Pearce
1645 2554 1891 2610 pravitate)
1919 2554 2000 2596 lin-

292 2643 298 2658 ,
347 2614 388 2652 8.
422 2611 498 2651 Cn.
521 2607 752 2661 Lentulum]
791 2609 840 2650 In
871 2609 1006 2653 Bruto
1027 2612 1099 2652 66.
1177 2625 1286 2667 guae,
1294 2613 1465 2669 sonoque
1492 2611 1608 2654 vocis
1635 2612 1812 2669 agresti3
1842 2621 1882 2655 et
1899 2610 2003 2655 illud

288 2668 366 2710 Cn.
405 2666 594 2708 Lentulus
629 2674 857 2709 ceterarum
896 2667 1104 2710 virtutum
1183 2670 1288 2728 quod
1300 2669 1476 2726 loquitur
1496 2669 1670 2728 pristum
1689 2671 1825 2728 «visum
1842 2669 1900 2713 iri
1921 2678 2000 2727 pu·-

286 2723 444 2767 dicendi
457 2723 783 2766 ‚mediocritatem
806 2723 961 2766 aHione
979 2725 1103 2767 occul-
1184 2734 1265 2777 tat,
1276 2727 1320 2781 fi
1342 2727 1468 2784 plane
1486 2728 1626 2784 fuerit
1643 2729 1900 2786 rusticanum.
1943 2730 2005 2773 Et.

289 2782 423 2832 tavit,
459 2779 502 2822 in
539 2796 621 2836 qua
659 2780 854 2823 excellens
875 2781 984 2836 fuit.
1046 2785 1104 2825 Et
1185 2799 1276 2841 cap.
1309 2801 1378 2827 12.
1423 2787 1554 2837 Cotta,
1575 2787 1687 2843 cujus
1719 2795 1763 2829 tu
1794 2787 1875 2840 illa,
1891 2786 2000 2837 lata,

288 2839 429 2897 paullo
458 2848 566 2888 ante,
587 2838 717 2883 Multo
744 2840 939 2896 majorem
960 2839 1107 2897 opinio·
1187 2842 1351 2899 Sulpici,
1398 2858 1679 2902 nonnunquam
1724 2844 1917 2896 imitaris,
1955 2852 2002 2888 ut

291 2912 381 2940 nem
408 2896 562 2938 dicendi
587 2895 742 2938 anione
756 2896 965 2951 faciebat,
982 2912 1105 2954 quam
1187 2900 1275 2943 Iota
1292 2901 1456 2943 literam
1474 2903 1607 2952 tollas,
1627 2913 1666 2945 et
1686 2903 1723 2945 E
1743 2902 2000 2960 pleniffimum

290 2963 448 3012 quanta
477 2954 520 2995 in
550 2967 592 2995 eo
611 2953 800 3009 facultas
822 2962 932 2997 erat.
980 2955 1108 2998 Plura
1186 2957 1314 3008 dicas,
1349 2973 1425 3001 non
1463 2960 1561 3003 mihi
1591 2970 1770 3003 oratores
1800 2962 2001 3019 antiquos,

292 3013 354 3055 ibi
386 3012 438 3054 de
468 3011 561 3060 hoc,
583 3021 623 3052 et
652 3011 703 3053 P.
725 3011 916 3054 Lentulo.
965 3014 1029 3056 De
1055 3014 1103 3055 C.
1174 3016 1257 3072 fid
1289 3016 1463 3074 mcffores
1498 3018 1671 3062 videtur
1706 3018 1880 3062 imitari.
1943 3019 2016 3067 Et,=

293 3068 478 3112 Graccho
502 3067 666 3123 fratris
697 3082 829 3111 necem
860 3070 1026 3126 deflente
1056 3071 1107 3114 de
1190 3073 1324 3116 Bruto
1353 3091 1392 3117 c.
1417 3090 1488 3129 74.
1523 3078 1655 3127 Cotta,
1676 3076 1772 3134 quia
1793 3077 1844 3133 se
1870 3078 2003 3121 valde

294 3131 417 3171 Orat.
444 3142 483 3180 3,
508 3128 577 3179 56.
613 3129 721 3182 Quae
735 3124 797 3180 stc
827 3127 881 3169 ab
913 3127 978 3170 illo
1008 3131 1108 3171 alla
1189 3130 1408 3175 dilatandis
1423 3133 1554 3176 literis
1570 3149 1600 3175 a
1608 3133 1866 3190 similitudine
1884 3137 2003 3179 Grae·

293 3186 363 3242 effe
382 3184 580 3242 constabat
598 3182 734 3234 oculis,
753 3198 870 3235 voce,
885 3185 1012 3243 gestu,
1031 3186 1109 3228 ini-
1189 3203 1248 3230 cce
1275 3189 1476 3234 locutionis
1507 3192 1785 3250 alstraxerat‚
1804 3193 2004 3249 anabat-

295 3242 389 3285 mici
404 3250 450 3284 ut
477 3241 674 3284 lacrimas
689 3248 825 3284 tenere
847 3257 925 3285 non
946 3243 1109 3300 pqffl’nt.
1187 3261 1263 3303 que
1288 3246 1413 3303 plane
1443 3249 1692 3293 contrarium
1725 3250 1885 3301 Catulo,
1902 3252 2005 3308 βιὸ-

295 3301 362 3345 De
395 3298 597 3352 Hortensio
625 3299 759 3342 Bruto
789 3314 828 3341 c.
866 3304 938 3343 88.
974 3303 1111 3343 Motus
1188 3306 1343 3362 agreste
1398 3305 1563 3349 uiddam
1589 3308 1788 3364 planeque
1806 3309 2004 3367 subrusti-

294 3367 336 3402 εἰ
361 3357 490 3414 gestus
513 3355 637 3400 etiam
663 3356 756 3412 plus
784 3356 892 3400 artis
917 3356 1109 3409 habebat,
1190 3375 1310 3414 cum3
1341 3377 1370 3403 a
1385 3363 1430 3406 ia
1460 3364 1615 3422 quidem
1647 3363 1760 3421 quast
1785 3364 1937 3408 inculta
1966 3375 2008 3409 et

293 3431 417 3474 quam
436 3421 530 3456 erat
545 3413 700 3458 oratori
702 3414 831 3480 satif-
891 3470 898 3479 ι
1177 3418 1362 3477 filvcstri
1379 3421 1461 3464 via
1479 3423 1537 3466 ad
1550 3424 1717 3466 eandem
1734 3423 1895 3466 laudem
1907 3430 2005 3481 per·

300 3507 305 3511 .
358 3488 428 3515 10.
463 3472 514 3515 L.
537 3473 696 3514 Cottam
722 3473 820 3514 ἄιε-ιτ
851 3473 1008 3526 Czcero]
1045 3475 1112 3518 De
1190 3486 1388 3521 «venerat.

295 3531 419 3575 Orat.
458 3544 499 3583 3,
523 3543 592 3582 11,
615 3543 665 3574 ex
694 3530 861 3588 persona
890 3530 1112 3583 Craffi,L;
