2320 4030
541 284 820 335 1Ns‘r1T.
855 283 1196 334 ORATOR.
1232 284 1370 332 Lm.
1404 285 1519 332 ΧΠ.
1560 300 1636 334 11.
1837 298 1932 351 353

168 435 203 493 3
226 422 474 494 priorem.
544 420 673 475 Vidi
699 437 804 491 ego
825 418 987 491 longe
1022 418 1442 490 omnium,quos
1466 419 1601 471 mihi
1626 419 1942 491 cognoscere

227 494 477 566 contigit,
510 493 776 545 summum
813 503 1096 555 oratorem,
1133 489 1405 542 Domitium
1443 490 1629 561 Afrum
1672 490 1822 543 valde
1863 494 1942 544 se-

228 583 376 630 nem,
400 562 638 636 quotidie
673 559 875 631 aliquid
909 579 974 613 ex
1010 579 1090 625 ea,
1124 579 1285 632 quam
1322 571 1601 626 meruerat,
1635 561 1946 616 auctoritate

230 635 560 706 perdentem,
587 651 709 686 cum
736 640 927 702 agente
952 629 1066 695 illo,
1090 649 1249 701 quem
1275 630 1567 702 principem
1603 629 1752 683 fuiffe
1774 650 1947 702 quon-

232 705 355 758 dam
389 705 487 759 fori
508 715 530 738 ¹
567 720 674 755 non
713 713 824 754 erat
856 700 1102 766 dubium,
1128 701 1218 753 alii
1260 702 1426 772 (quod
1456 701 1566 754 indi
1612 720 1741 753 num
1767 701 1948 754 videa·

234 779 343 844 tur)
375 776 624 838 riderent,
651 771 742 825 alii
766 771 1159 824 erubescerent:
1199 791 1319 842 quae
1344 771 1541 824 occafio
1566 772 1582 822 i
1606 772 1709 823 lisz
1739 770 1842 824 fuit
1865 773 1950 824 di-

237 846 395 899 cendi
411 857 450 911 ⁸,
480 844 639 901 *malle
675 863 783 895 eum
826 842 1045 964 deficere,
1084 863 1233 914 quam
1273 843 1533 913 definere..
1572 844 1767 913 Neque
1806 854 1956 897 erant

183 934 221 984 4
241 917 333 970 illa
356 916 761 988 qualiacumque
788 932 874 964 ma
897 933 945 977 a,
970 913 1058 966 sed
1082 913 1307 965 minora.
1372 914 1554 967 Quare
1579 931 1768 979 ANTE,
1795 917 1958 985 quam

240 988 297 1040 in
323 988 418 1040 has
445 985 614 1040 aetatis
639 983 815 1037 veniat
838 983 1063 1048 infidias,
1089 983 1327 1055 receptui
1363 994 1536 1047 canet,
1563 995 1619 1036 et
1654 986 1708 1036 in
1742 997 1958 1055 portum

241 1059 455 1130 integra
477 1075 610 1110 nave
633 1055 920 1126 perveniet.
994 1057 1189 1126 Neque
1218 1054 1362 1107 enim
1399 1055 1627 1107 minores
1665 1074 1808 1120 eum,
1833 1075 1960 1114 cum

244 1129 301 1182 id
341 1128 542 1193 fecerit,
585 1124 868 1179 studiorum
904 1123 1105 1179 fruetus
1147 1125 1432 1196 sequentur
1451 1127 1492 1177 b.
1565 1126 1681 1178 Aut
1718 1127 1810 1179 ille
1841 1145 1960 1180 mo-

245 1209 505 1253 numenta
525 1215 700 1251 rerum
737 1195 970 1269 posteriS,
996 1206 1106 1258 aut,
1132 1207 1195 1248 ut
1224 1198 1287 1248 L.
1316 1195 1522 1249 Crassus
1548 1196 1602 1248 in
1627 1196 1775 1250 libris
1802 1198 1960 1252 Cice-

247 1271 390 1324 ronis
435 1268 744 1333 destinabat,
795 1275 813 1298 ⁶
838 1267 1199 1337 quaerentibus
1254 1266 1446 1333 tradet,
1493 1277 1588 1322 aut
1641 1267 1962 1339 eloquentiae

186 1359 189 1367 ¹
250 1351 540 1412 componet
561 1350 752 1402 artem,
779 1348 871 1389 aut
896 1337 1267 1409 pulcherrimis
1292 1337 1412 1390 vitae
1440 1338 1715 1410 praeceptis
1739 1339 1966 1411 dignum

195 1425 230 1482 5
253 1430 313 1464 os
337 1411 505 1464 dabit.
557 1409 1010 1479 Frequentabunt
1035 1426 1156 1462 vero
1189 1407 1304 1479 ejus
1336 1407 1558 1462 domurn
1591 1410 1778 1480 optimi
1806 1412 1982 1483 juve·

252 1501 348 1536 nes
385 1500 535 1534 more
571 1490 831 1543 veterum,
857 1491 913 1531 et
949 1496 1119 1532 veram
1159 1478 1367 1533 dicendi
1405 1479 1541 1532 viam
1578 1480 1722 1533 velut
1753 1500 1820 1535 ex
1855 1501 1970 1535 ora-

253 1553 378 1606 culo
403 1561 604 1624 petent.
679 1551 796 1602 Hos
827 1549 919 1602 ille
954 1549 1205 1605 formabit
1241 1549 1381 1622 quafi
1419 1550 1737 1622 eloquentiae
1761 1571 1967 1624 parenS,

254 1635 311 1677 et
339 1641 422 1677 UT
450 1633 603 1675 vetus
628 1620 971 1692 gubernator,
997 1621 1153 1672 litora
1184 1631 1239 1674 et
1272 1630 1472 1691 porum,
1498 1633 1553 1673 et
1589 1641 1710 1692 quae
1743 1625 1971 1695 tempes-

255 1705 431 1748 tatum
473 1693 637 1765 figna‚
678 1691 807 1762 quid
843 1691 1086 1744 secundis
1125 1691 1361 1757 flatibus,
1399 1692 1531 1763 quid
1573 1692 1810 1759 adverfiS,
1847 1696 1974 1749 ratis

257 1764 456 1837 poscat,
479 1761 728 1817 docebit:
769 1780 875 1814 non
911 1761 1259 1815 humanitatis
1282 1761 1446 1814 solum
1475 1765 1748 1816 communi
1785 1766 1977 1820 ductus

205 1840 240 1891 6
259 1835 458 1900 offici0,
484 1833 572 1887 sed
595 1851 772 1893 amore
797 1832 1024 1903 quodam
1052 1834 1244 1904 operIS.
1318 1834 1496 1886 Nemo
1520 1834 1661 1886 enim
1689 1835 1858 1888 minui
1886 1854 1977 1893 ve·-

260 1907 330 1961 lit
368 1905 443 1971 id,
469 1906 524 1958 in
560 1922 667 1975 quo
705 1903 968 1956 maximus
1005 1903 1126 1956 fuit.
1202 1903 1352 1957 Quid
1393 1922 1548 1975 porro
1587 1906 1658 1959 est
1692 1905 1979 1975 honestiuS,

303 1996 426 2030 uam
452 1976 640 2029 docere
668 1974 812 2046 quod
851 1975 1051 2045 optime
1087 1974 1254 2028 scias?
1298 1974 1387 2028 Sic
1423 1975 1491 2037 ad
1529 1975 1580 2028 se
1622 1976 1846 2034 Caelium
1882 1979 1983 2032 cle-2

261 1997 488 2102 dustum
526 2066 556 2099 a
579 2053 725 2118 patre
751 2045 940 2098 Cicero
965 2045 1254 2116 profitetur,
1331 2045 1418 2098 Sic
1457 2047 1690 2112 Pansam,
1717 2049 1980 2118 Hirtium,

265 2118 606 2172 Dolabellam
642 2117 697 2169 in
735 2134 938 2169 morem
974 2115 1312 2187 praeceptoris
1348 2117 1601 2182 exercuit,
1628 2119 1868 2188 quotidie
1895 2122 1981 2174 dia

215 2204 244 2261 7
271 2207 417 2254 cenS,
459 2187 799 2259 audiensque.
872 2188 952 2239 Ac
990 2186 1164 2242 nescio
1200 2205 1264 2240 an
1306 2206 1430 2240 eum
1467 2198 1598 2241 tunc
1634 2190 1985 2247 beatiffimum

270 2259 415 2314 credi
450 2269 689 2330 oporteat
731 2257 843 2310 fore
856 2261 898 2322 d,
943 2275 1065 2310 cum
1108 2257 1214 2328 jam
1256 2257 1485 2310 secretus
1531 2269 1586 2312 et
1632 2262 1984 2328 consecratus»,

270 2332 406 2384 liber
447 2330 663 2394 invidia,
701 2327 887 2400 procul
927 2346 958 2380 a
993 2328 1442 2394 contentionibus,
1486 2328 1720 2382 famame
1765 2331 1819 2384 in
1868 2343 1988 2387 tuto

273 2401 545 2455 collocarit
563 2400 602 2465 f,
627 2411 683 2452 et
713 2399 938 2453 sentiatg
975 2398 1125 2451 vivus
1157 2417 1296 2463 eam,
1324 2418 1446 2470 quae
1478 2402 1587 2471 post
1623 2400 1731 2455 fata
1764 2405 1995 2474 praestari

274 2471 450 2544 magis
473 2470 624 2535 solet,
649 2470 1061 2533 venerationem,
1086 2480 1142 2522 et
1175 2470 1304 2541 quid
1340 2470 1480 2541 apud
1518 2471 1744 2541 posteros
1780 2473 1992 2529 futurus

222 2547 256 2598 8
280 2543 358 2607 fit,
389 2542 590 2595 videbit
605 2545 649 2594 Β.
724 2541 982 2594 Conscius
1007 2541 1119 2593 sum
1150 2540 1305 2606 mihi,
1333 2551 1592 2611 quantum
1630 2543 1994 2600 mediocritate

278 2612 442 2678 valui,
469 2631 697 2684 quaeque
721 2620 877 2666 antea
902 2610 1127 2677 scierim,
1154 2629 1381 2683 quaeque
1416 2612 1587 2682 operis
1618 2613 1833 2684 hujusce
1867 2636 1992 2687 gra-

278 2683 358 2736 tia
398 2683 662 2756 potuerim
695 2682 980 2753 inquirere,
1019 2682 1241 2735 candide
1278 2699 1367 2735 me
1403 2692 1563 2754 atque
1602 2684 1904 2755 {impliciter
1940 2688 2000 2745 in

338 2842 358 2862 ¹
388 2837 456 2877 alii
476 2837 534 2875 hic
546 2837 667 2888 ponit,
688 2850 770 2874 mox
787 2836 925 2875 omittit
938 2836 1043 2875 Jens.
1226 2841 1243 2862 ²
1275 2835 1334 2874 illi
1354 2836 1405 2874 G.
1424 2837 1528 2875 Jens.
1711 2845 1727 2865 ⁸
1757 2840 1927 2880 dicendo
1946 2843 1998 2882 G.

284 2890 304 2916 ⁸
335 2892 613 2942 persequentur
629 2890 680 2928 id.
808 2895 823 2915 ⁶
852 2890 942 2937 jura
960 2890 1030 2942 itgs.
1053 2889 1143 2928 Obr.
1157 2889 1323 2940 pulchre.
1450 2890 1466 2914 ‘¹
1499 2905 1567 2928 om.
1589 2891 1639 2931 G.
1659 2893 1764 2932 Jens.
1896 2900 1911 2919 ⁸
1943 2897 2002 2935 fa.

284 2946 490 3050 ¹132}in
491 2998 519 3036 i·
599 2943 615 2970 f
641 2943 852 2984 collocavit
872 2943 924 2982 id.
1048 2950 1068 2974 ὅ
1098 2944 1205 2981 Forte
1224 2943 1296 2996 leg.
1316 2943 1454 2984 sentiet
1470 2945 1576 2984 Jens.
1703 2943 1724 2974 h
1752 2947 1892 2987 viderit
1909 2951 2002 3002 conj.

349 3129 396 3184 42.
426 3130 698 3189 quarentibus
726 3130 887 3184 tradet]
920 3130 986 3173 De
1015 3130 1108 3184 jure
1189 3131 1400 3188 Praecepta
1421 3130 1471 3173 iis
1494 3133 1629 3175 verbis
1650 3132 1889 3186 conscribet,
1909 3152 2003 3195 quae

292 3190 606 3233 commentarios
639 3190 707 3234 hic
755 3188 947 3245 intelligi,
985 3189 1110 3231 etiam
1189 3189 1318 3246 digna
1336 3189 1409 3231 sint
1427 3203 1562 3232 rerum
1582 3192 1800 3247 gravitate.

292 3262 345 3290 ex
365 3247 450 3304 ipso
468 3246 697 3296 Ciceronis,
716 3246 768 3288 ad
798 3260 921 3302 quem
947 3246 1110 3303 respicit
1255 3261 1295 3300 5.
1315 3247 1499 3301 juvenes
1525 3261 1637 3290 more
1658 3251 1870 3303 veterum]
1904 3255 2005 3297 Vid.

295 3306 469 3355 Fabius,
496 3303 602 3353 loco,
622 3313 664 3345 et
691 3302 854 3345 confilio
883 3302 1009 3345 Craffi
1038 3317 1110 3360 ap·
1193 3303 1289 3345 Cic.
1310 3304 1362 3346 de
1382 3305 1474 3346 sen.
1499 3308 1520 3345 8
1543 3316 1584 3347 et
1605 3323 1647 3361 9.
1696 3307 1760 3348 De
1789 3307 1928 3351 Coelio
1956 3317 2005 3354 ad

297 3372 430 3419 paret,
447 3362 498 3403 de
528 3363 650 3403 Orat.
689 3375 728 3410 1,
749 3375 823 3413 42,
856 3360 909 3403 Ut
934 3360 1112 3416 primum
1194 3361 1433 3405 Ciceronem
1453 3375 1477 3402 a
1497 3373 1610 3418 patre
1629 3363 1820 3413 deduno,
1842 3366 1882 3408 in
1902 3382 2007 3412 orat.

298 3433 411 3464 omne
431 3420 506 3475 jus
536 3417 664 3462 civile
693 3417 737 3461 in
764 3430 922 3474 genera
954 3417 1116 3474 digerat
1196 3431 1272 3476 pro
1304 3418 1397 3461 eod.
1431 3433 1469 3460 c.
1503 3433 1549 3470 4.
1594 3421 1660 3462 De
1690 3420 1841 3471 Hirtio,
1862 3424 2010 3485 Pary'a,

301 3478 385 3520 &a
1198 3472 1413 3518 Dolabella
1446 3475 1658 3536 discipulis
1692 3478 1773 3520 suis
1809 3480 1860 3522 ad
1893 3485 2009 3529 Fam.

360 3548 406 3586 4.
449 3532 664 3593 praeceptis
701 3531 866 3588 dignum
905 3546 946 3573 os
982 3531 1115 3585 dabit]
1206 3548 1249 3586 9,
1275 3535 1343 3583 16,
1365 3544 1403 3575 et
1426 3533 1481 3575 al.
