2268 4134
314 417 342 449 2
695 399 773 449 M.
809 399 1021 449 FABII
1058 399 1638 450 QUINCTILIANI

306 531 573 609 discipuli,
601 555 710 607 quo
732 532 945 590 duxeris
959 547 1000 590 g.
1053 532 1194 590 Mox
1219 556 1340 591 cum
1365 535 1552 590 robore
1577 534 1811 590 discendi
1835 535 2033 591 crescet

305 609 469 662 etiam
494 609 742 662 eruditio·
817 608 992 662 Iidem
1017 609 1191 680 primo
1225 609 1395 662 solum
1431 608 1533 661 iter
1566 608 1787 661 credant
1820 609 1942 675 effe,
1969 610 2026 664 in
2049 619 2088 672 4

305 679 453 751 quod
495 679 835 745 inducentur,
863 698 991 732 mox
1011 681 1030 711 ¹¹
1068 679 1206 732 illud
1240 679 1507 752 cognituri
1541 679 1702 732 etiam
1736 679 2026 751 optimum.

304 752 445 805 Sunt
468 763 645 804 autem
675 770 849 822 neque
873 749 1108 817 obscura,
1135 770 1309 822 neque
1333 751 1399 803 ad
1422 750 1821 822 percipiendum
1844 750 1858 781 ¹
1884 751 2025 803 diffi-

303 822 447 886 cilia,
473 842 596 904 quae
627 822 902 893 scriptores
934 821 1148 875 diverfis
1180 821 1522 894 opinionibus
1601 821 1901 875 ertinaciter
1942 832 2029 874 tu-

304 893 458 946 endis
494 893 852 948 mvolverunt.
918 894 1125 964 Itaque·
1161 892 1214 944 in
1256 904 1374 946 toto
1407 892 1533 946 artis
1597 893 1774 965 ujusce
1797 893 2025 946 tractatu
2048 901 2080 962 5

302 964 572 1018 difficilius
595 965 665 1017 est
682 964 946 1046 judicare,
973 963 1102 1044 quid
1126 963 1314 1016 doceas
1337 985 1352 1029 ;
1393 982 1575 1035 quam,
1603 983 1727 1016 cum
1744 962 2026 1035 judicariS,

212 1099 217 1102 ⁵
302 1035 532 1088 docere:
591 1047 963 1116 prae-clpueque
1006 1053 1061 1086 1n
1107 1034 1314 1088 duabus
1360 1035 1443 1087 his
1484 1035 1723 1106 partibus
1772 1053 2025 1106 perquam

301 1106 422 1159 sunt
446 1125 635 1179 pauca,
661 1124 802 1159 circa
826 1125 948 1176 quae
975 1105 1006 1157 fi
1034 1105 1100 1171 is,
1127 1106 1220 1177 qui
1247 1106 1545 1159 instituetur
1563 1108 1597 1172 ¹,
1623 1125 1729 1159 non
1756 1125 2023 1178 repugna-

304 1178 455 1242 verit,
481 1196 708 1248 pronum
733 1175 800 1231 ad
825 1187 1001 1230 cetera
1022 1176 1304 1230 habiturus
1329 1179 1400 1230 est
1423 1177 1651 1231 cursum.
1725 1179 1939 1247 Nempe
1964 1196 2020 1230 c·
2047 1175 2082 1226 6

304 1247 416 1301 nim
456 1249 746 1320 plurimum
785 1247 840 1300 in
883 1248 990 1300 hoc
1025 1247 1220 1301 laboris
1249 1248 1604 1314 exbaufimuS,
1631 1258 1694 1301 ut
1727 1249 2023 1301 ostendere-

301 1339 425 1373 mus
462 1320 764 1374 rhetoricen
809 1320 925 1372 bene
959 1320 1152 1371 dicendi
1175 1316 1531 1400 fiientiam,'et
1560 1318 1750 1385 utilem,
1778 1329 1824 1370 et
1847 1329 2023 1383 artem,

300 1403 349 1445 et
388 1392 627 1445 virtutem
670 1392 794 1463 ff²
832 1390 1108 1444 materiam
1145 1410 1258 1462 ejus
1300 1412 1374 1443 res
1412 1411 1589 1456 omnes,
1617 1390 1685 1443 de
1717 1390 1913 1462 quibus
1937 1390 2024 1445 di-

299 1462 531 1516 cendum
558 1462 700 1516 effet.
774 1463 917 1516 Tum
941 1471 972 1494 ¹¹¹
1004 1472 1061 1514 et
1084 1479 1172 1514 eas
1196 1461 1250 1513 in
1276 1461 1446 1514 tribus
1470 1460 1579 1514 fere
1603 1462 1909 1533 generibuS‚
1936 1462 2025 1514 de-

300 1533 636 1604 motfirativo,
675 1533 1019 1598 deliberati-vo,
1036 1533 1370 1605 judicialique
1399 1533 1633 1604 reperiri.
1709 1532 2026 1586 Orationem

301 1623 460 1676 porro
484 1623 700 1658 omnem
726 1605 958 1658 constare
981 1605 1144 1670 rebus,
1164 1613 1209 1655 et
1231 1604 1425 1656 verbis:
1451 1604 1506 1656 in
1531 1605 1688 1657 rebus
1713 1603 2027 1657 intuendam

300 1677 649 1742 inventionem,
677 1675 732 1728 in
777 1677 955 1729 verbis
995 1675 1322 1740 elocutionem,
1347 1675 1404 1726 in
1439 1674 1673 1746 utrisque
1693 1684 1714 1707 ¹¹
1753 1674 2025 1728 collocatio-

299 1766 407 1799 nem
429 1769 445 1799 .·
498 1767 621 1819 quae
659 1747 892 1800 memoria
933 1746 1393 1817 complecteretur,
1435 1746 1561 1798 aetio
1603 1745 2024 1802 commendaret.

299 1819 542 1877 oratoris
585 1818 843 1884 officium,
894 1818 1116 1882 docendi,
1166 1817 1414 1884 movendi,
1459 1817 1739 1871 deleaandi
1785 1817 2023 1888 partibus
2047 1831 2075 1885 7

300 1889 584 1943 contineri.
657 1891 740 1942 Ex
764 1890 960 1961 quibus
985 1889 1053 1942 ad
1078 1888 1400 1953 docendum,
1427 1888 1650 1960 expeditio
1675 1899 1722 1941 et
1757 1909 2025 1961 argumen-

301 1962 423 2014 tatio
445 1982 462 2028 ς,
502 1961 571 2014 ad
596 1961 943 2026 movendum,
971 1960 1180 2032 aff'eHus
1215 1958 1537 2031 pertinerent
1562 1980 1576 2012 z
1616 1978 1753 2030 quos
1789 1978 1881 2030 per
1905 1978 2025 2013 otn-

299 2050 423 2085 nem
450 2031 667 2103 quidem
693 2032 940 2098 cauffam,
967 2031 1056 2084 sed
1085 2031 1317 2084 maxime
1342 2041 1521 2083 tamen
1560 2030 1616 2083 in
1654 2030 1885 2102 ingreffu
1903 2045 1926 2068 ⁰
1963 2049 2026 2085 ac

296 2104 404 2156 fine
447 2103 730 2158 dominari.
803 2105 948 2156 Nam
991 2102 1371 2166 deleftationem,
1412 2101 1658 2173 quamvis
1701 2102 1758 2154 in
1801 2113 2027 2173 utraque

300 2175 362 2227 fit
383 2193 592 2240 eorum,
619 2174 795 2247 magis
826 2186 1005 2228 tamen
1041 2173 1274 2244 proprias
1309 2172 1363 2226 in
1403 2173 1662 2227 elocutione
1703 2183 1880 2244 partes
1925 2173 2023 2226 ha-

297 2247 445 2300 bere.
522 2245 822 2317 Quaestiones
862 2246 988 2299 alias
1025 2245 1271 2317 irfinitas,
1297 2243 1424 2297 alias
1440 2243 1651 2316 finitas,
1685 2264 1807 2315 quae
1847 2245 2022 2316 perso·
2046 2243 2077 2295 8

298 2317 403 2382 nie,
427 2317 580 2383 lociS,
606 2317 940 2388 temporibus
965 2317 1383 2369 continerentur.
1461 2318 1520 2369 In
1549 2314 1698 2367 omni
1724 2334 1877 2386 porro
1908 2335 2024 2370 ma-

297 2390 430 2441 teria
454 2389 555 2442 tria
577 2389 677 2442 effe
701 2387 1007 2460 quaerenda,
1033 2409 1100 2440 an
1121 2388 1197 2458 stt
1217 2390 1249 2439 ,9
1285 2387 1410 2458 quid
1425 2387 1550 2457 stt?
1585 2386 1734 2458 quale
1752 2387 1830 2456 stt
1851 2389 1884 2440 ἒ
1919 2389 2025 2442 His

297 2460 699 2531 adjiciebamus,
726 2458 1189 2530 demonstrativam?
1216 2457 1373 2512 laude
1398 2477 1459 2511 ac
1483 2457 1870 2528 vituperatione
1898 2477 2027 2512 con-

299 2532 447 2584 stare.
525 2533 593 2584 In¹
622 2549 704 2595 ea,
732 2551 855 2603 quae
878 2531 983 2583 abq
1025 2532 1153 2602 ipse,
1183 2530 1250 2582 de
1276 2547 1384 2601 quo
1411 2529 1728 2594 diceremus,
1755 2549 1874 2600 quae
1912 2532 2025 2600 post

298 2620 426 2656 eum
449 2602 570 2655 acia
592 2603 773 2668 effent,
800 2602 1138 2655 intuendum.
1214 2602 1339 2653 Hoc
1374 2619 1509 2671 opus
1542 2601 1770 2653 traciam
1806 2602 2020 2673 honesto-

297 2694 408 2727 rum
427 2684 444 2708 ¹
465 2673 764 2746 utiliumque
789 2675 1041 2726 constare.
1119 2672 1358 2743 Suajoriis
1389 2671 1640 2727 accedere
1666 2671 1876 2724 tertiam
1938 2691 2020 2726 ar-
2045 2689 2077 2740 9

296 2757 406 2798 tem
434 2763 499 2797 ex
527 2744 851 2818 conjectura,
872 2745 1083 2816 pfftne
1097 2744 1226 2816 fieri
1245 2745 1275 2795 ‚P
1310 2753 1386 2807 et,
1413 2763 1482 2795 an
1506 2743 1619 2813 effet
1622 2742 1898 2813 futurum.
1956 2744 2023 2796 de

297 2835 408 2887 quo
450 2816 850 2868 deliberaretur.
926 2816 1035 2868 Hic
1076 2815 1343 2886 praecipue
1385 2813 1618 2867 diximus
1658 2813 2022 2885 specstandum,

294 2887 429 2959 quis,
472 2888 616 2959 apud
651 2907 810 2959 quem,
847 2887 1018 2958 quid?
1068 2887 1291 2940 diceret.
1359 2884 1693 2938 Judieialium
1734 2885 2022 2939 caussarum

298 2958 430 3011 alias
455 2958 510 3011 in
536 2958 774 3029 singuliS,
800 2958 928 3011 alias
953 2959 1009 3011 in
1051 2957 1293 3031 pluribus
1318 2956 1678 3010 controversiis
1712 2956 1981 3011 consistere
2006 2979 2020 3012 ι

296 3041 352 3083 et
378 3029 435 3082 ’ru
461 3029 778 3102 quibusdam
803 3029 1034 3083 sufficere
1057 3040 1073 3062 ⁵
1112 3027 1276 3082 modo
1296 3027 1625 3094 intentionem,
1654 3026 1820 3082 modo
1844 3027 2022 3100 depul-

295 3227 299 3230 ”
350 3231 373 3258 ⁸
403 3227 558 3267 vexeris
576 3227 628 3268 G.
722 3208 757 3253 ’ἢ
791 3230 875 3280 post
897 3227 961 3282 ins.
983 3229 1033 3266 G.
1159 3223 1169 3251 ἵ
1202 3226 1518 3278 praecipiendum
1534 3196 1643 3264 iens.
1767 3223 1781 3257 l
1810 3224 2024 3265 instituitur

299 3282 351 3323 G.
370 3282 477 3321 Jens.
587 3289 616 3307 ¹¹¹
649 3297 718 3323 om.
740 3282 791 3321 G.
903 3288 920 3306 ¹¹
954 3291 1121 3331 utraque
1142 3280 1192 3318 G.
1211 3280 1318 3321 Jeus.
1444 3285 1462 3303 ⁰
1494 3279 1640 3328 egreffu
1662 3279 1712 3318 G.
1838 3284 1858 3312 P
1882 3294 1949 3318 om.
1971 3281 2022 3318 G.

298 3342 319 3370 ‘¹
353 3346 447 3379 ante
465 3336 596 3388 ipsum
617 3336 669 3376 G.
781 3342 795 3361 ¹
827 3337 1191 3375 honestiffimorum
1211 3335 1263 3374 G.
1373 3347 1389 3371 s
1417 3348 1485 3373 om.
1506 3334 1556 3372 G.
1576 3334 1681 3374 Jens.

325 3557 332 3564 ,
362 3524 414 3576 ⁵⁹.
429 3518 631 3567 perquam
646 3512 748 3571 sunt
767 3511 925 3569 pauca]
958 3510 1122 3570 Qaerit
1261 3525 1305 3565 9.
1354 3508 1523 3552 tertiam
1563 3507 1752 3565 partem]
1811 3507 2024 3552 Nimirum

296 3574 511 3611 tmnhtum
540 3569 591 3611 ad
621 3569 1009 3627 recapitulationem?
1028 3568 1119 3612 dic·
1201 3567 1306 3610 duas
1326 3567 1479 3609 habent
1493 3581 1730 3608 communes
1749 3581 1845 3608 cum
1864 3567 2025 3610 demon-

296 3637 451 3677 torum,
474 3629 503 3669 i.
527 3643 561 3669 c.
586 3631 910 3678 ἆιικεμλαῑωσιν.
1187 3625 1404 3684 strati-va,
1422 3625 1475 3670 de
1493 3623 1656 3681 honestis
1677 3638 1723 3667 ac
1744 3624 1795 3667 de
1813 3623 1994 3671 utilibus.
