2320 4030
321 327 420 384 154
726 313 806 364 M.
838 313 1044 373 FABII
1081 311 1664 365 QUINCTILIANI

308 450 1007 526 dastylum‘2et-bacchium.
1082 452 1212 504 Duo
1246 449 1468 521 spondei
1501 469 1609 504 non
1642 450 1751 504 fere
1785 451 2040 524 conjungi

309 524 622 596 patiuntur-z
661 540 785 596 quae
825 524 880 575 in
917 521 1066 576 versu
1102 540 1323 593 quoque
1361 521 1648 575 notabilise
1683 521 1914 576 clausula
1947 527 2038 590 est,

310 594 600 648 nist-ssscum
623 594 682 646 id
708 593 819 647 fieri
846 594 1013 663 potest
1046 611 1113 646 ex
1139 593 1309 646 tribus
1335 592 1477 664 quafi
1503 593 1760 646 membris
1781 614 1795 646 z
1839 595 1944 646 Gur
1979 597 2040 647 de

307 664 730 739 perfugis-nestris
755 665 914 736 copias
939 675 1189 736 comparat
1206 675 1228 706 ἕ
1253 664 1295 715 is
1320 675 1488 717 contra
1514 685 1598 717 nos
1621 667 1653 716 Ρ
1689 684 1795 718 una
1818 665 2036 738 syllaba,

306 739 538 804 duabuS,
564 752 692 790 nna.
765 737 855 788 Ne
885 734 1132 805 daeiylus
1164 735 1384 806 quidem
1409 735 1640 807 spondeo
1665 736 1803 788 bene
1828 755 2034 807 praepo-
2061 757 2132 788 102

307 808 472 873 nitur,
517 808 650 879 quia
695 806 857 860 finem
906 807 1083 859 versus
1126 806 1445 864 damnamus
1493 806 1549 859 in
1593 807 1699 860 fine
1742 807 2034 861 orationis:

304 880 567 935 bacchius
604 888 665 931 et
704 877 896 941 cludit,
936 886 993 930 et
1033 876 1128 931 fibi
1158 876 1432 949 jungitur,
1487 878 1732 931 Venenum
1778 879 1971 931 timeres
1988 882 2037 933 ¹².

305 951 507 1005 vitati-2
534 948 812 1013 choreum,
838 947 1129 1019 spondeum
1167 960 1346 1002 autem
1385 959 1558 1002 amat:
1598 960 1663 1003 ut
1703 968 1810 1002 non
1844 949 2040 1003 Venena

308 1023 534 1076 timeres:
571 1020 681 1085 sed,
723 1020 874 1072 Virus
911 1019 1120 1072 timeres.
1197 1019 1535 1073 Contrarius¹
1569 1039 1785 1092 quoque
1824 1020 1919 1092 qui
1945 1023 2037 1088 est,

307 1093 511 1157 cludet,
539 1091 629 1144 nifi
657 1091 689 1143 fi
717 1090 965 1144 ultimam
1002 1090 1225 1163 longam
1263 1091 1365 1144 effe
1402 1091 1686 1150 volumusz
1725 1091 2038 1164 optimeque

304 1164 696 1219 >habebit.ante
736 1163 787 1214 se
826 1161 1104 1226 molosson,
1135 1172 1213 1227 ut,
1252 1162 1383 1214 ¹¹¹Et
1401 1162 1568 1234 spinis
1606 1163 1902 1235 aspasiam-3
1942 1173 2036 1217 aut

305 1235 616 1299 bacchium,
648 1234 800 1304 Quod
819 1232 899 1285 hie
926 1231 1094 1304 potest,
1121 1253 1206 1285 nos
1224 1242 1244 1265 ¹¹
1273 1234 1527 1306 poſjemus.
1601 1233 1711 1287 Sed
1737 1233 1909 1287 verius
1932 1234 2035 1296 erit
2057 1253 2127 1292 ¹03

307 1307 525 1361 cludere
566 1305 822 1360 choreum
864 1304 1188 1376 praecedenti
1224 1304 1479 1376 spondeo«
1550 1305 1695 1358 Nam
1732 1304 1823 1358 hic
1854 1306 2035 1379 potius

307 1380 380 1431 est
405 1395 678 1440 numemS,
702 1376 841 1428 Naso
859 1377 1093 1448 pqffemus
1111 1397 1127 1427 .·
1164 1385 1238 1440 et,
1266 1375 1517 1429 Romanus
1537 1376 1677 1447 sum.
1753 1376 1957 1431 Cludet
1979 1390 2038 1431 et
2073 1440 2075 1442 ,
2099 1427 2102 1430 ,
2144 1413 2149 1416 -

300 1446 612 1514 ὀίοὴοῑειιε,
640 1447 674 1500 fi
694 1457 715 1490 Ρ
752 1466 844 1519 pes
868 1447 1012 1500 idem
1039 1447 1131 1499 fibi
1148 1446 1246 1519 *ipsi
1268 1446 1549 1520 jungetur,
1575 1466 1688 1519 quo
1711 1447 1889 1500 Asiani
1913 1448 2036 1506 sunt

304 1522 377 1575 ufi
406 1521 697 1593 plurimum
723 1539 735 1570 z
777 1517 928 1589 cujus
954 1517 1260 1590 exemplum
1288 1518 1482 1572 Cicero
1514 1518 1688 1590 ponit,
1715 1520 1890 1572 Patris
1924 1520 2032 1574 dic-

308 1603 412 1645 tum
429 1592 636 1663 sapiens
673 1590 917 1642 temeritas
939 1589 1056 1660 filii
1095 1590 1446 1662 comprobavit.
1520 1589 1810 1662 chcipiet
1833 1601 1958 1644 ante
1979 1591 2033 1647 se
2057 1606 2130 1646 ¹04

308 1664 536 1717 choreus
557 1674 572 1696 ‘
611 1672 667 1715 et
690 1660 1090 1733 pyrrhichium:
1135 1661 1311 1714 Omnes
1339 1673 1492 1734 prope
1527 1662 1659 1716 cives
1683 1663 1893 1728 virtute,
1912 1663 2032 1735 glo-

305 1735 410 1800 ria,
454 1734 702 1806 dignitate
722 1732 1053 1804 superabats.
1098 1731 1330 1785 *Cludet
1371 1743 1428 1786 et
1466 1733 1730 1805 daeiylus,
1773 1733 1865 1788 nifi
1906 1753 2035 1790 eum

307 1806 600 1860 observatio
636 1803 846 1856 ultimae
884 1804 1144 1857 creticum
1182 1804 1344 1856 facit:
1385 1814 1448 1857 ut
1461 1811 1498 1870 t,
1540 1804 1849 1858 Muliercula
1885 1807 2036 1861 nixus

299 1879 360 1931 in
386 1878 545 1930 litore.
622 1875 864 1929 Habebit
893 1885 1016 1928 ante
1039 1876 1176 1928 bene
1213 1875 1472 1929 creticum
1510 1885 1565 1929 et
1591 1875 1850 1943 iambum,
1875 1877 2032 1949 spon·

305 1949 470 2002 deum
508 1947 669 2012 male,
711 1945 865 2018 pejus
908 1946 1184 2000 choreum.
1261 1946 1453 2000 Cludit
1491 1947 1927 2019 amphibrachuS,
1966 1949 2030 2022 Q.
2055 1965 2125 2008 105

306 2020 576 2101 Ligarium
601 2020 653 2071 in
678 2018 863 2091 Africa
879 2017 974 2089 fui
1013 2038 1074 2084 e3
1114 2018 1147 2072 fi
1177 2037 1285 2071 non
1322 2037 1446 2071 eum
1483 2019 1751 2072 malumus
1776 2019 1876 2073 effe
1900 2021 2030 2075 bac-

303 2092 509 2145 chlum.
585 2092 716 2144 Non
757 2089 996 2162 optimus
1029 2089 1099 2142 est
1131 2089 1416 2156 trochaeuS‚
1444 2091 1476 2143 fi
1507 2090 1699 2144 ultima
1723 2091 1794 2143 est
1815 2091 1991 2146 brevis
2013 2113 2029 2146 ε

301 2163 449 2233 quod
491 2173 635 2216 certe
674 2162 734 2214 fit
774 2160 976 2214 necesse
1015 2161 1107 2226 est,
1133 2161 1333 2232 alioqui
1372 2179 1482 2284 qsuo
1512 2162 1676 2214 modo
1711 2161 1912 2229 cludet,
1935 2163 2034 2236 qui

303 2235 482 2306 placet
506 2232 784 2306 plerisque,
810 2231 1093 2285 dichoreus
1114 2234 1131 2285 ἲ
1176 2232 1277 2286 Illa
1309 2233 1378 2284 ob
1403 2232 1670 2286 ervatione
1701 2252 1766 2287 ex
1791 2234 2031 2289 trochaeo

302 2307 365 2359 fit
392 2304 702 2377 anapaestuS.
747 2303 896 2357 Idem
923 2304 1188 2356 trochaeus
1211 2303 1547 2374 praecedente
1571 2305 1736 2377 longa
1759 2306 1818 2359 fit
1842 2323 2026 2377 paeon:
2053 2316 2124 2356 106

301 2377 459 2448 quale
499 2377 590 2440 est,
620 2376 677 2428 Si
709 2385 873 2448 potero
898 2397 915 2427 .·
952 2384 1026 2439 et,
1056 2375 1209 2427 Dixit
1252 2376 1337 2427 hoc
1385 2376 1570 2441 Cicero,
1602 2376 1676 2429 Ob
1718 2387 1773 2430 at
1809 2377 2028 2432 invidia.

305 2448 413 2507 Sed
437 2448 543 2503 hoc
569 2446 739 2500 initiis
775 2446 1058 2499 dederunt.
1134 2445 1320 2500 Cludit
1357 2458 1413 2499 et
1452 2447 1665 2519 pyrrhic
1707 2447 1789 2501 ius
1829 2447 2031 2504 choreo

302 2519 638 2590 praecedente
666 2539 678 2570 :
714 2537 837 2570 nam
861 2518 969 2571 ficu
1006 2536 1159 2589 paeon
1186 2518 1274 2571 est.
1349 2519 1557 2571 Omnes
1596 2519 1655 2584 ii,
1686 2519 1780 2601 qui
1810 2519 1865 2572 in
1901 2520 2027 2574 bre-

303 2610 396 2643 ves
437 2589 714 2654 excidunt,
753 2589 933 2642 minus
977 2600 1135 2642 erunt
1177 2589 1415 2642 stabiles:
1456 2607 1556 2642 nec
1597 2590 1724 2643 alibi
1766 2590 1876 2644 fere
1909 2590 2031 2647 satis

304 2662 433 2733 apti,
458 2680 620 2733 quam
646 2660 738 2715 ubi
763 2659 944 2713 cursus
975 2660 1230 2713 orationis
1266 2660 1520 2732 exigitur,
1547 2671 1604 2714 et
1639 2661 1886 2716 clausulis
1920 2681 2029 2716 non

302 2732 646 2787 intersistitur.
723 2731 968 2786 Creticus
993 2732 1066 2784 est
1089 2731 1257 2785 initiis
1282 2733 1518 2804 optimus
1542 2753 1555 2791 3
1601 2733 1743 2790 Quod
1756 2743 1989 2808 precatus
2007 2745 2030 2769 Χ
2053 2752 2126 2791 107

359 2895 377 2914 ⁸
409 2890 555 2930 nobilis
575 2891 629 2930 G.
789 2886 807 2913 f
833 2901 909 2928 nec
936 2898 1034 2928 tunc
1055 2891 1106 2929 G.
1270 2895 1289 2920 ⁸
1320 2899 1559 2942 comparant
1577 2899 1718 2931 contra
1735 2892 1787 2931 G.
1807 2899 1844 2930 et
1860 2900 1925 2944 ap.
1949 2893 2032 2934 Cic.

297 2945 500 2983 ·¹²‘:timeve
521 2945 572 2983 G.
591 2943 697 2983 Jens.
846 2943 854 2967 ³
887 2943 949 2983 vel
970 2945 1234 2996 Choreumyet
1253 2945 1309 2995 sp.
1328 2954 1427 2983 ante·
1441 2951 1551 2984 vamat
1569 2954 1615 2984 ut
1635 2958 1838 2986 venenum
1857 2947 2033 2988 timeres.

295 3000 426 3039 Com.
446 2999 515 3037 iid.
651 2997 660 3022 ¹
694 2997 901 3037 Commio
919 3010 1080 3049 quoque
1099 2999 1189 3048 quis
1208 2998 1357 3046 cludet,
1373 2999 1446 3037 nifi
1465 2999 1512 3037 fit
1529 2999 1675 3038 ultima
1693 3001 1745 3039 G.
1871 3007 1903 3030 ¹¹¹
1931 3003 2034 3042 cibis

297 3061 370 3106 pro
388 3061 433 3092 ut
451 3061 491 3092 et
510 3052 632 3102 spinis
651 3051 703 3090 G.
719 3051 825 3092 Jens.
847 3051 954 3090 male.
1066 3058 1084 3075 ¹¹
1118 3065 1200 3090 non
1221 3053 1274 3090 bis
1294 3054 1346 3092 G.
1456 3058 1475 3077 ⁰
1507 3055 1766 3104 praecedentis
1784 3057 1959 3106 pondere
1977 3057 2031 3096 G.

299 3109 327 3146 ζ)
351 3120 421 3145 om.
443 3107 493 3145 G.
511 3107 617 3145 Jens.
638 3104 910 3154 fi-jungetur
920 3105 1038 3156 potest
1053 3105 1168 3159 glqffiz
1187 3106 1327 3146 videri.
1463 3112 1481 3137 ‘³
1520 3107 1590 3146 Vel
1609 3107 1678 3160 ins.
1697 3108 1748 3147 G.
1886 3118 1901 3140 r
1931 3111 2033 3149 cho-

295 3173 419 3199 seum
441 3161 493 3199 G.
511 3160 617 3199 Jens.
759 3169 772 3181 ‘²
806 3159 1004 3208 superabit
1022 3160 1074 3198 G.
1213 3165 1225 3184 ‘
1257 3161 1306 3200 de
1323 3159 1447 3200 unica
1463 3159 1613 3212 syllaba
1631 3174 1702 3212 pro
1720 3174 1803 3202 una
1824 3161 1891 3216 irgs.
1913 3165 1964 3204 G.
1985 3178 2034 3203 ex

298 3213 525 3268 glffmate,
633 3219 652 3243 ¹²
681 3212 709 3252 fi
730 3224 846 3264 paean
865 3212 958 3252 effet
977 3213 1028 3253 G.
1050 3213 1078 3252 fi
1097 3212 1209 3252 etiam
1227 3214 1350 3254 Jens.·
1444 3219 1464 3240 ³¹
1496 3214 1729 3266 deprecatus
1744 3217 1853 3256 Jens.

367 3369 467 3395 τοι.
500 3353 702 3394 Venenum
720 3349 904 3405 timeres]
927 3351 1030 3392 Sunt
1052 3349 1124 3392 ista
1206 3365 1279 3393 rus
1316 3349 1481 3394 timeres
1527 3350 1759 3409 exemplum
1799 3351 1914 3396 aliud
1958 3352 2031 3404 est,

302 3411 436 3454 sumta
467 3426 517 3453 ex
545 3409 735 3452 Coeliana
756 3423 796 3452 c.
822 3422 893 3459 14.
939 3410 1024 3450 Cur
1051 3416 1127 3451 aut
1208 3408 1321 3465 quod
1348 3409 1400 3452 de
1426 3409 1500 3452 suo
1518 3409 1666 3462 adjecit
1685 3411 1861 3453 Fabius.
1911 3413 2035 3477 qud

303 3477 393 3512 tam
397 3466 632 3522 familiaris
650 3466 743 3512 huic
756 3465 894 3524 suisti,
915 3474 961 3508 ut
979 3480 1127 3509 aurum
1205 3466 1271 3509 hic
1280 3467 1406 3524 potest
1423 3481 1501 3525 pro
1518 3467 1666 3524 Ligar.
1689 3481 1735 3519 4,
1755 3482 1822 3526 pr.
1852 3468 2030 3512 Mulier·

303 3527 589 3575 commodares,
624 3534 700 3567 aut
739 3533 828 3566 tam
864 3523 1047 3574 inimica,
1080 3532 1128 3567 ut
1205 3524 1298 3568 cula
1317 3523 1442 3567 nixus
1459 3526 1581 3567 verr.
1606 3539 1648 3579 5,
1672 3539 1742 3578 33.

296 3598 508 3628 venenum
525 3583 705 3627 timeres.
756 3583 910 3641 Itaque
929 3581 1036 3626 illud
1054 3582 1125 3636 Vi·
1269 3597 1370 3636 ¹07·
1402 3585 1524 3641 Qtod
1536 3583 1754 3639 precatus]
1791 3582 1932 3627 Princ.
1953 3597 2031 3642 pro
