2320 4030
292 326 390 374 214

709 304 786 361 M.
809 301 1023 362 FABH
1061 310 1639 378 QUINCTILlA-NI

291 444 585 500 admodum
608 445 755 500 horis
778 467 1001 520 magnas
1023 449 1184 502 etiam
1209 447 1404 502 caussas
1428 446 1820 520 complectitur.
1866 448 2026 514 Haeo,

293 517 506 588 quoties
531 517 849 572 intermissus
874 520 947 572 est
970 521 1184 573 somnus
1199 530 1243 584 ²,
1270 519 1389 591 ipfis
1415 519 1586 572 noctis
1610 518 1845 571 tenebris
1870 518 2027 591 adju-

292 598 468 640 vatur.

545 589 682 641 Haec
731 590 869 644 inter
908 590 1113 643 medios
1161 609 1337 643 rerum
1378 591 1528 644 actus
1575 589 1776 661 aliquid
1825 589 2028 657 invenit

295 659 452 712 vacui
470 658 508 725 f,
535 677 636 712 nec
674 662 846 714 otium
886 663 1101 734 patitur.
1176 662 1376 732 Neque
1412 673 1537 714 vero
1573 670 1757 714 rerum.
1785 660 2026 713 ordinem
2053 677 2083 716 2

297 729 462 783 modo
505 729 672 800 (quod
714 731 882 802 ipsum
926 733 1046 784 satis
1084 734 1217 798 erat)
1260 732 1398 785 intra
1435 733 1487 785 se
1523 732 1630 803 ipsa
1661 730 1908 813 disponit,
1943 730 2030 783 sed

295 802 460 854 verba
484 802 643 854 etiam
685 803 929 873 copulat,
944 813 1220 875 totamque
1246 803 1322 856 ita
1354 805 1594 856 contexit
1629 812 1954 868 orationem,
1970 813 2033 854 ut

298 871 350 925 ei
393 871 529 926 nihil
573 883 759 944 praeter
806 893 1026 927 manum
1075 875 1223 927 defit.
1297 875 1440 928 Nam
1491 873 1765 926 memoriae
1815 891 2034 945 quoque

288 943 615 1015 ‘plerumque
640 944 866 998 inhaeret
891 945 1119 1010 fidelius„
1143 944 1290 1016 quod
1309 954 1330 986 ἕ
1366 945 1513 998 nulla
1546 945 1807 998 scribendi
1835 943 2032 996 securi-

299 1022 410 1066 tate
434 1013 658 1067 laxatur.
734 1015 840 1068 Sed
867 1034 935 1070 ne
957 1016 1023 1069 ad
1047 1016 1183 1081 hanc
1208 1015 1428 1087 quidem
1465 1016 1572 1069 vim
1610 1014 1887 1095 cogitandi
1910 1033 2032 1086 per-

300 1085 469 1145 veniri

498 1086 664 1156 potest
689 1098 783 1150 aut
805 1087 1002 1153 subit0,
1030 1098 1123 1140 aut
1145 1087 1274 1140 cito.
1348 1087 1489 1164 Nam
1525 1087 1757 1158 primum
1791 1085 2034 1138 facienda
2053 1099 2097 1158 3⁴

300 1155 514 1209 multoh
543 1156 656 1210 stilo
678 1157 850 1211 forma
874 1159 964 1225 est,
993 1177 1114 1230 quae
1141 1177 1237 1211 nos
1273 1157 1436 1211 etiam
1458 1167 1470 1191 ¹
1507 1158 1808 1230 cogitantes
1844 1158 2034 1229 sequa·
2102 1161 2110 1167 “

302 1239 411 1293 tur,
454 1237 572 1280 tum
615 1227 950 1283 assumendus
989 1229 1127 1283 usus·
1152 1228 1448 1302 paullatim,
1490 1240 1552 1281 ut
1592 1247 1761 1300 pauca
1802 1228 2043 1299 primum¹

304 1298 724 1380 complectamur
762 1301 962 1368 animo,
1002 1320 1126 1372 quae
1163 1300 1314 1354 reddi
1357 1299 1585 1353 fideliter
1618 1300 1850 1423 lpossint:

301 1388 397 1441 per
433 1382 761 1424 incrementa
798 1384 906 1424 tam
945 1372 1179 1437 modica,
1207 1381 1269 1424 ut
1300 1372 1504 1424 onerari
1537 1370 1587 1424 se

1909 1318 2036 1353 mox

1641 1372 1770 1424 abor
1807 1369 1900 1423 ille
1927 1364 2036 1423 non

301 1441 510 1507 sentiat,
559 1442 805 1514 augenda
852 1443 1068 1510 usn,*et
1115 1443 1711 1496 exercitatione‘multa
1748 1442 2034 1511 continen-

303 1512 375 1564 da
409 1511 498 1578 est,
525 1531 646 1584 quae
686 1513 906 1586 quidem
945 1514 1181 1567 maxima
1215 1532 1282 1566 ex
1323 1525 1468 1585 parte
1509 1513 1768 1567 memoria
1803 1514 2033 1566 constat:

302 1582 549 1655 ideoque
569 1585 747 1658 aliqua
782 1585 918 1638 mihi
950 1586 1003 1638 in
1040 1585 1194 1638 illum
1222 1585 1401 1638 locum
1429 1584 1717 1637 differenda
1739 1585 1881 1638 sunt.
1955 1585 2037 1637 Eo
2057 1602 2096 1653 4

304 1663 485 1707 tamen
523 1656 779 1726 pervenit,
804 1666 867 1708 ut
904 1657 970 1722 is,
998 1657 1086 1709 cui
1126 1675 1233 1708 non
1269 1656 1564 1728 refragetur
1598 1655 1899 1728 ingenium,
1927 1655 2038 1709 acri

306 1725 479 1780 studio
519 1725 738 1798 adjutus,
771 1738 983 1780 tantum
1023 1728 1395 1800 consequatur,
1422 1728 1516 1780 ut¹
1548 1745 1610 1780 ea
1629 1737 1661 1760 ¹¹²
1705 1727 1887 1792 etiam,
1916 1745 2039 1798 quoe

305 1796 576 1868 cogitarit,
602 1815 832 1869 quaeque
865 1797 1138 1870 scripserit,
1165 1809 1327 1871 atque
1345 1809 1367 1831 ¹¹
1403 1797 1702 1863 edidicerit,
1728 1799 1784 1852 in
1808 1798 2041 1852 dicendo

304 1866 466 1920 fidem
494 1869 716 1922 servent.
757 1870 949 1923 Cicero
974 1879 1119 1924 certe
1146 1870 1457 1924 Graecorum
1486 1868 1857 1923 Metrodorum
1879 1871 2043 1941 Scep-

306 1939 436 1991 fium
456 1949 497 2004 ⁰,
545 1950 602 1992 et
651 1939 1009 2014 Eriphylumv
1057 1941 1351 2007 Rhodium,
1378 1942 1841 2014 ·nostrorumque‘1
1891 1943 2040 1995 Hor-

303 2010 533 2064 tensium
569 2010 808 2079 tradidit,
835 2031 955 2085 quae
981 2012 1366 2085 cogitaverant,
1392 2012 1460 2066 ad
1487 2013 1710 2068 verbum
1746 2012 1802 2065 in
1828 2012 2042 2085 agendo

361 2180 380 2200 e
411 2174 530 2216 sonus
550 2176 601 2216 G.

308 2226 320 2255 ί
353 2229 518 2280 incogit.
536 2230 643 2270 Jens.

711 2171 731 2206 f
754 2182 932 2216 vacuum
951 2177 1082 2217 otium
1102 2190 1184 2216 non
1205 2185 1286 2228 pat.
1305 2175 1412 2217 Jens.

752 2229 763 2255 ¹
797 2230 871 2270 Hic
891 2231 984 2270 Iocus
1003 2233 1059 2270 ita
1078 2232 1229 2270 videtur
1249 2230 1416 2283 legendus
1432 2246 1444 2269 .·
1474 2239 1520 2270 ut
1539 2233 1710 2271 eandem
1731 2243 1822 2283 quae
1841 2233 2041 2282 cogitarit,

1523 2181 1542 2208 ⁸
1574 2189 1665 2229 quae
1686 2177 1739 2218 G.
1831 2156 1869 2205 ’,Β
1899 2148 2040 2217 otmG.

310 2294 437 2333 quam
456 2296 548 2334 quae
566 2285 770 2336 scripserit,
785 2294 908 2335 atque
927 2286 1144 2330 edidicerit,
1165 2287 1206 2324 in
1225 2287 1397 2325 dicendo
1418 2286 1540 2325 fidem
1570 2287 1737 2325 servent.
1790 2286 1862 2324 Sed
1872 2288 1961 2339 jam
1979 2300 2044 2323 ne-

297 2337 381 2391 [οἱα
402 2339 495 2377 tmde
529 2338 620 2378 Obr.
649 2346 695 2378 ut
728 2352 775 2379 ea
805 2340 930 2378 etiam
958 2352 1051 2390 quae
1078 2351 1167 2390 cog.
1187 2352 1302 2390 aeque
1333 2352 1379 2379 ac
1413 2352 1504 2391 quae
1534 2341 1664 2391 scrips.
1697 2340 1819 2378 eadem
1839 2340 2042 2393 fintmtia.

312 2387 343 2415 ’ἢ
376 2406 445 2430 om.
467 2393 518 2430 G.
540 2402 574 2430 et
593 2390 687 2445 Voffi
823 2398 842 2418 ¹¹
875 2405 928 2432 an
950 2394 1002 2433 G.

313 2452 335 2484 ²1
361 2447 587 2486 nostrorum
610 2446 660 2485 id.

324 2606 327 2607 ν
371 2582 456 2632 VI,
482 2596 522 2624 1.
554 2582 729 2625 tenebris
745 2583 1007 2640 acffuvatur]
1030 2584 1132 2626 Vid.

318 2655 388 2690 ιο,
413 2654 453 2693 3,
480 2656 503 2682 2
513 2655 553 2694 5.

380 2713 422 2750 3.
463 2697 803 2756 quae—memoria
834 2698 1003 2756 constat]
1046 2696 1137 2755 Co-

316 2755 483 2819 gitatin,
505 2757 556 2798 de
590 2771 674 2814 qua
705 2757 772 2799 hic
806 2759 962 2818 agitur,
983 2757 1138 2800 constat

317 2821 359 2856 c't
390 2814 621 2857 continetur
648 2816 861 2865 memoria,
883 2822 929 2856 ut
949 2823 1040 2857 tum
1067 2816 1158 2858 de·-

319 2886 435 2914 mum
466 2873 585 2915 utilis
615 2872 679 2920 fit,
708 2872 734 2915 si
769 2874 963 2916 memoria
995 2873 1139 2930 possint

319 2930 440 2972 semel
467 2933 654 2987 cogitata
688 2932 866 2981 retineri,
888 2942 927 2973 et
955 2932 1139 2988 expromi

316 2989 363 3030 in
399 2996 599 3054 tempore.
649 2991 762 3046 Agit
795 3001 934 3031 autem
969 2989 1021 3032 de
1053 3005 1140 3033 me·

316 3059 449 3090 moria
473 3060 488 3089 ι
503 3062 542 3097 1,
565 3063 604 3089 2.

378 3120 425 3157 4.
469 3105 527 3148 Eo
556 3115 696 3147 tamen
719 3105 937 3161 pervenit]
960 3107 1139 3149 .Ite1·um

320 3163 570 3220 intelligitur
602 3161 803 3220 cogitatio,
826 3178 922 3221 quae
955 3163 1007 3206 ad
1038 3164 1142 3207 illud

320 3220 533 3277 fastigium
573 3224 756 3277 pervenit
794 3237 839 3263 ac
886 3223 1140 3279 perducitur.

321 3279 480 3322 Similis
502 3278 679 3322 formula
699 3280 752 3322 est
771 3286 868 3323 mox
892 3293 960 3331 ιο,
983 3296 1025 3332 7,
1052 3275 1144 3336 19(

380 3353 426 3389 4.
459 3345 504 3379 ut
521 3352 572 3379 ea
590 3336 737 3391 etiam]
765 3338 807 3379 U
812 3349 826 3378 t
846 3352 954 3381 nunc
974 3338 1141 3396 legitur,

320 3397 424 3440 nihil
443 3397 554 3439 dicit
568 3397 723 3438 Fabius
746 3396 856 3452 quod
876 3397 928 3438 ad
947 3410 1032 3439 rem
1047 3412 1138 3455 per-

321 3457 479 3497 tineat:
530 3454 582 3496 de
611 3455 834 3496 <commodo
873 3455 1138 3512 cogitationis

318 3514 539 3554 sermonem
568 3513 604 3553 ei
622 3509 709 3554 ‘esse
740 3522 926 3569 apparet,
951 3513 1064 3570 quod
1096 3514 1139 3557 in

319 3586 383 3623 eo,
421 3571 491 3612 nili
542 3567 740 3623 fallimur,
779 3571 875 3615 inest
924 3572 1136 3627 maxime5

1137 2397 1158 2419 ⁰
1188 2393 1407 2445 Ephesium
1424 2394 1530 2433 Jcns.
1595 2417 1597 2421 v

1669 2399 1689 2427 Ρ
1716 2394 1968 2447 Emphylum
1989 2394 2042 2432 G.

1219 2583 1332 2641 quod
1363 2581 1712 2641 compendifacere
1740 2582 1974 2641 scriptionis
2001 2593 2043 2626 et

1218 2643 1420 2687 ediscendi
1449 2643 1628 2686 laborem
1659 2643 1753 2685 licet
1773 2643 1854 2692 his,
1875 2644 2048 2699 qui-co-

1219 2702 1420 2757 gitatione
1458 2701 1674 2758 complecti
1713 2701 1875 2744 causam
1909 2710 2041 2743 totam

1218 2759 1458 2804 didicerint.
1520 2760 1641 2801 Hanc
1689 2759 1926 2802 sententiam
1971 2774 2043 2800 ex.

1220 2818 1361 2875 primi,
1399 2829 1440 2860 et
1479 2817 1757 2860 Obrechtiana
1798 2816 1967 2863 lectione
2002 2827 2043 2859 et

1221 2876 1366 2919 nostris
1386 2876 1644 2930 conjecturis,
1665 2886 1850 2934 apparet.

1280 2947 1326 2988 4,
1359 2934 1636 2978 Metrodorum
1663 2933 1877 2990 Scepsium]
1919 2933 2041 2975 Hanc

1221 2991 1559 3050 orthographiam
1608 2988 1906 3050 probant‘Cll.
1948 2991 2045 3033 Viri

1223 3049 1375 3097 Pearce
1407 3051 1519 3109 apud
1553 3051 1650 3092 Cic.
1671 3051 1722 3092 de
1742 3053 1864 3092 Orat.
1888 3065 1932 3100 α,
1953 3051 2006 3090 88
2028 3066 2041 3101 ς

1223 3107 1366 3150 Davis.
1381 3107 1557 3153 Tuscul.
1574 3124 1591 3150 1
1602 3123 1695 3162 ,243
1708 3108 1912 3157 Harduin.
1929 3107 2042 3150 plin.

1223 3166 1284 3207 H.
1307 3167 1366 3208 N.
1390 3181 1433 3220 7,
1456 3181 1537 3220 243
1559 3163 1800 3209 auetoritate
1819 3165 2043 3224 praesertim

1223 3225 1434 3267 Strabonis
1451 3241 1468 3268 1
1482 3239 1576 3283 3,p.
1590 3226 1692 3277 609,
1703 3225 1883 3267 Casaub.
1901 3224 1975 3266 ubi
1991 3223 2043 3266 de

1223 3284 1359 3339 patria
1378 3284 1458 3326 viri
1477 3282 1607 3339 Scepfi
1619 3283 1804 3325 Troadis
1826 3284 1942 3325 urbe.
1965 3281 2043 3325 sed

1223 3339 1459 3399 Eriphylam
1489 3350 1561 3382 aut
1583 3339 1816 3397 Emphylum
1847 3339 2043 3383 Rhodium

1224 3410 1356 3455 neque
1376 3399 1485 3456 apud
1500 3399 1759 3448 Ciceronem,
1774 3412 1907 3455 neque
1922 3398 2043 3449 alias,

1220 3456 1354 3499 adhuc
1386 3457 1566 3500 invenire
1595 3455 1732 3500 licuit.
1779 3457 1844 3498 De
1873 3455 2044 3512 reliquis

1219 3514 1466 3558 memoriosis
1495 3514 1644 3557 deinde
1677 3529 1746 3564 ιι,
1767 3529 1811 3564 2,
1830 3514 1908 3556 ubi
1930 3515 1966 3556 f..
1988 3528 2044 3566 ¹4

1220 3572 1435 3631 Eutypilus
1453 3573 1650 3624 occurrit,
1672 3585 1790 3630 aeque
1811 3573 1997 3630 ignotus.
