2320 4030
269 342 372 404 246

657 343 733 393 M.
771 330 983 393 FA1‘311
1021 335 1605 395 QUINCTILIANI

275 497 439 552 quam
480 478 719 555 plerique
769 480 1002 551 imprimi
1041 480 1286 552 quaedam
1331 480 1548 554 vestigia
1588 482 1759 535 nostro
1800 482 2006 554 animo,

277 553 434 622 q'uaeY
474 551 714 604 velutin
759 553 935 604 cerisz
975 551 1292 606 annulorum
1331 553 1476 624 figna
1512 552 1802 619 serventur,
1830 554 2005 608 existi-
2063 562 2066 567 '

277 625 448 677 mant.

521 623 718 694 Neque
742 641 834 675 ero
858 634 968 676 tam
996 622 1262 688 credulus,
1286 633 1350 676 ut
1375 623 1514 694 quafi
1532 635 1554 658 ὃ
1588 624 1780 678 habitu
1806 625 2007 678 tardio-

278 698 394 748 re‘m
438 692 833 765 firmioremque
870 695 1183 747 memoriam
1222 695 1331 746 fieri
1403 705 1574 748 utem.
1651 695 1781 767 Ejus
1805 707 2007 764 autem,
2029 710 2065 765 5

278 763 523 839 quodad
559 764 795 817 animum
834 764 1082 836 pertinet,
1109 766 1282 838 magis
1318 784 1348 817 a
1389 765 1591 819 mirerb
1631 779 1898 834 naturam,
1922 768 2011 822 su-

279 837 395 890 bito
419 853 502 888 res
533 836 777 901 vetustas,
803 844 954 888 tanto
987 845 1055 890 ex
1089 836 1367 890 intervallo
1401 838 1672 909 repetitas,
1697 838 1934 892 reddere
1960 839 2015 894 se

282 910 343 959 et‘
380 907 597 960 offerre:
637 924 737 960 nec
781 916 988 960 tantum
1032 908 1424 979 requirentibus
1440 917 1481 976 ε,
1507 908 1596 962 sed
1631 910 1791 963 etiam
1829 910 2013 982 sponte

276 975 537 1030 interim:
583 995 685 1030 nec
718 977 1085 1048 vigilantibus,
1114 978 1201 1032 sed
1247 979 1408 1032 etiam
1452 979 1635 1052 quiete
1671 981 2012 1063 compositis*¹

281 1049 476 1120 magis.

552 1050 741 1122 quue
780 1049 872 1102 illa
909 1067 1126 1123 quoque
1168 1050 1437 1116 animalia,
1473 1070 1596 1122 quae
1636 1061 1814 1104 carere
1848 1052 2010 1106 mtel-
2035 1046 2073 1104 6'

282 1119 427 1174 lectu
459 1119 721 1185 videm-uS,
754 1120 1134 1187 meminerunt,
1161 1131 1215 1175 et
1251 1122 1563 1194 agnoscunt,
1600 1132 1674 1188 et,
1714 1122 2015 1195 quamlibet

281 1191 453 1264 longo
492 1191 679 1244 itinere
712 1191 946 1258 diducta,
973 1192 1043 1246 ad
1081 1191 1300 1246 assuetas
1340 1193 1435 1246 fibi
1470 1193 1619 1248 sedes
1654 1204 2010 1268 revertuntur.

285 1262 474 1317 Quid?
515 1263 623 1316 n'on
660 1262 778 1315 haec
815 1264 1037 1317 varietas
1074 1264 1207 1318 mira
1231 1265 1326 1330 est,
1346 1265 1594 1319 excidere
1628 1265 1888 1336 proxima,
1916 1281 2010 1320 ve-

281 1344 398 1386 tera
438 1334 738 1387 inhaerere?
797 1334 1156 1389 hesternorum
1202 1336 1565 1402 immemores»,
1611 1337 1732 1390 acta

1808 1337 2011 1391 ueritiae

280 1405 582 1458 reeordari?
627 1404 811 1458 Quid?
849 1406 994 1477 quod
1019 1406 1266 1478 quaedam
1291 1407 1538 1480 requifita
1561 1408 1612 1460 se
1637 1426 1771 1460 occu
1798 1416 1931 1475 tant,
1957 1421 2014 1463 et
2034 1422 2069 1479 .7

280 1476 474 1529 eadem*
496 1475 632 1529 forte
654 1477 1001 1530 succurrunt?
1045 1497 1144 1530 nec
1179 1489 1363 1532 manet
1397 1479 1597 1550 semper
1621 1479 1897 1547 memoria‘,
1923 1481 2014 1533 sed

281 1535 566 1626 aliquando
589 1548 751 1600 etiam
776 1547 915 1601 redit
937 1550 954 1602 ?
997 1550 1308 1604 Nesciretur
1333 1561 1533 1617 tamen,
1559 1561 1763 1624 quanta
1788 1550 1864 1605 vis
1887 1551 2016 1607 effet-

335 1726 359 1755 Υ
387 1733 456 1758 om.
475 1719 527 1758 id.

666 1723 683 1744 ²
715 1719 852 1770 figuris
871 1720 922 1759 G.
944 1722 1048 1772 gyris
1065 1720 1174 1761 Jenf.

1269 1730 1271 1732 '
1337 1726 1357 1750 ³
1389 1722 1580 1762 Quodam
1599 1730 1685 1761 ante
1702 1722 1812 1774 quast
1832 1723 1901 1777 iffi
1919 1722 2015 1775 conj.

283 1773 371 1826 Ast.
409 1774 468 1811 Ut
497 1773 844 1824 quemadmodum
874 1775 1016 1815 habitu
1049 1777 1148 1814 tard.
1169 1775 1230 1814 fir.
1261 1787 1389 1815 mem.
1419 1776 1521 1824 fieri,
1550 1775 1636 1825 ejus
1665 1774 1805 1828 putem
1837 1773 2014 1817 uauffiim

282 1839 442 1877 quoque
461 1827 511 1866 ad
530 1828 746 1866 artificium
774 1828 980 1883 pertinere.
1012 1830 1142 1880 magis
1168 1830 1353 1869 admirari
1382 1840 1571 1870 naturam
1597 1831 1716 1880 subit,
1744 1839 1804 1870 tot
1830 1842 1891 1870 res
1917 1831 2015 1874 obt.

285 1889 330 1920 ut
349 1881 458 1930 quasi
477 1882 663 1920 habitum
683 1882 775 1933 conj.
794 1883 928 1924 But-m.

281 1935 300 1959 ‘¹
333 1935 542 1987 compositi
565 1935 617 1974 id.

342 2101 386 2139 4.
437 2086 481 2129 in
527 2085 631 2130 ceris
667 2088 931 2142 annulorum]
983 2088 1108 2132 Plato

281 2145 451 2189 Theaet.
474 2161 522 2204 p.
548 2159 648 2199 135.
671 2145 726 2188 C.
773 2145 841 2191 Θές
867 2149 899 2186 ἐν
926 2149 1009 2191 ταῖς
1036 2147 1109 2196 ψυ-

283 2207 372 2257 χαῖς
401 2207 495 2254 ἡμῶν
528 2201 561 2242 ’ἐν
592 2203 713 2256 κήρινον
742 2202 1045 2255 ἔκμαγεῖοι-καὶ
1074 2209 1109 2249 ἐς

282 2257 725 2297 τοῦτο-ἀποτυποῦσθαι
757 2260 874 2308 ὥσπερ
910 2258 1111 2297 δακτυλίων

284 2314 423 2363 σημεῖα
443 2327 477 2350 κ.
500 2329 539 2351 τ.
560 2320 598 2350 λ.
633 2311 755 2354 Add.
778 2312 940 2355 Phileb.
964 2327 1010 2369 p.
1033 2315 1107 2366 83,

286 2369 360 2411 ubi
379 2368 487 2412 libro
507 2379 735 2426 comparat.

345 2441 390 2479 4.
423 2435 468 2468 ut
512 2426 598 2482 uafi
615 2425 778 2480 habitu]
814 2427 854 2468 Si
885 2426 999 2484 legas
1018 2442 1107 2470 cor-

279 2486 394 2541 poris
429 2443 586 2534 halitu,
628 2486 822 2528 sententia
860 2484 997 2528 facilis
1038 2487 1108 2536 est,

286 2558 381 2599 quae
401 2543 464 2586 his
484 2544 678 2586 nimirum
699 2545 970 2594 contradicat,
986 2544 1012 2586 fi
1034 2546 1108 2601 qui

287 2602 594 2644 medicamentis
632 2604 765 2658 parari
809 2602 915 2659 posse
951 2617 1109 2645 memo-

287 2660 393 2702 riam
435 2669 595 2717 putent.
660 2662 747 2720 Qi
786 2671 906 2703 notas
944 2661 1036 2703 illas
1069 2670 1110 2704 et

286 2718 529 2776 compendia
547 2719 759 2775 cogitarit,
780 2720 937 2775 quibus
967 2734 1111 2763 vocem

286 2786 508 2833 utramque
525 2777 751 2831 exprimere
781 2777 960 2819 solebant
984 2776 1109 2820 libra-

290 2853 360 2904 rii,
380 2852 459 2894 cris
487 2863 527 2894 et
557 2866 658 2909 qus3
696 2849 798 2893 illud
829 2849 1065 2908 praesertim,
1087 2866 1114 2893 r

289 2911 351 2954 ita
386 2909 438 2953 ad
471 2908 805 2968 perpendiculum
844 2907 1110 2965 protrac'tam,

290 2977 340 3010 ut
371 2982 466 3011 cum
498 2968 749 3026 praecedente
776 2981 797 3006 c
826 2965 975 3008 coalita
994 2981 1068 3023 pro
1087 2983 1111 3024 q

290 3027 432 3071 haberi
462 3026 613 3084 posset;
645 3025 712 3067 ille
740 3023 975 3066 modestiam
1006 3036 1112 3067 certe

288 3085 532 3140 conjeaurae
551 3083 693 3127 nostrae
713 3083 916 3141 agnoscet.
968 3081 1111 3125 Plato-

289 3145 411 3187 nicus
442 3145 627 3186 Socrates
658 3140 770 3184 inam
802 3155 903 3183 cerae
923 3140 1111 3183 similitu-

289 3202 427 3245 dinem
460 3201 490 3244 l.
513 3217 552 3243 c.
585 3201 643 3243 ita
671 3199 869 3249 extendit,
889 3209 936 3241 ut
966 3201 1007 3241 in
1031 3199 1111 3241 sus-

323 3261 498 3304 icionem
535 3259 670 3301 venire
708 3257 842 3316 poffit,
879 3272 902 3298 a
939 3258 1114 3313 corporis

289 3277 427 3362 {abitu
458 3317 996 3374 suspendere,memoriam=
1038 3330 1112 3358 nec

286 3377 406 3420 aliter
423 3375 582 3432 possunt
601 3373 676 3431 qui
689 3372 752 3417 vel
769 3372 902 3432 ipsum
924 3375 1111 3417 animum

289 3435 467 3477 nostrum
506 3446 700 3490 corporea
737 3431 992 3475 concretione
1030 3446 1112 3473 non

290 3494 479 3544 liberant,
510 3491 574 3533 vel
611 3499 1026 3547 temperamentorum
1058 3489 1110 3548 il-

288 3549 376 3593 lum
416 3549 639 3592 ternarium
680 3562 732 3590 an
766 3548 1109 3604 quaternionem?

287 3623 315 3653 a
333 3608 540 3667 sanguinis
570 3606 614 3649 h.
637 3622 673 3650 e.
705 3604 879 3664 corporis
905 3604 1068 3658 habitu,
1087 3621 1113 3649 a

1107 1882 1126 1908 δ
1157 1884 1352 1924 admirere
1372 1885 1425 1924 G.
1444 1884 1553 1926 Jens.

1741 1890 1758 1911 ‘
1793 1886 1942 1938 iuquit.
1961 1886 2016 1927 G.

1188 2098 1510 2149 temperamento
1532 2107 1631 2136 vero
1659 2101 1708 2136 ut
1731 2091 1956 2148 judicium,
1977 2103 2021 2138 et

1189 2149 1417 2206 ingenium,
1433 2149 1484 2193 fic
1505 2154 1744 2194 memoriam
1759 2166 1926 2209 quoque
1940 2153 2016 2195 de·

1187 2208 1354 2262 rivant3
1396 2209 1459 2251 vel
1492 2209 1672 2267 denique
1704 2210 2018 2254 medicamentis

1182 2265 1328 2320 juvare
1357 2281 1590 2326 augereque
1617 2268 1859 2310 memoriam
1891 2264 2043 2328 polii„

1190 2335 1369 2378 centur„
1391 2327 1498 2384 Qae
1517 2327 1714 2380 tentarint
1733 2327 1801 2368 hic
1821 2326 1900 2369 viri
1915 2327 2015 2370 doc-

1134 2417 1138 2421 .
1191 2383 1242 2434 ti,
1262 2383 1461 2427 ostensum
1491 2384 1628 2442 supra.
1680 2386 1723 2427 Si
1751 2400 1802 2427 ex
1829 2384 1949 2428 libris
1967 2386 2015 2430 fit

1193 2442 1473 2485 Obrechtiana
1502 2442 1641 2493 lenio,
1673 2443 1888 2502 quantivis
1924 2458 2015 2487 eam

1191 2502 1313 2556 pretii
1334 2501 1422 2552 esse,
1444 2515 1525 2544 non
1554 2516 1643 2543 eam
1673 2501 1860 2554 infitias;
1891 2499 1946 2545 sm
1966 2518 2016 2546 ex

1192 2559 1440 2614 majanum,
1455 2560 1551 2617 plus
1566 2559 1639 2601 fibi
1659 2559 1796 2602 sumfit
1815 2560 1879 2601 vir
1896 2574 2017 2620 mag-

1191 2630 1288 2668 nus,
1309 2632 1435 2674 quam
1458 2617 1591 2676 pusilli
1610 2615 1715 2661 forte
1744 2618 1872 2661 animi
1892 2618 2020 2662 homo

1192 2689 1270 2731 ego
1288 2675 1412 2719 aufim
1433 2676 1497 2719 vel
1516 2676 1672 2719 sumere
1690 2675 1886 2727 mihi,ve}
1906 2677 2015 2720 sum-

1191 2742 1284 2776 tum
1306 2736 1360 2777 ab
1379 2733 1462 2777 alio
1475 2733 1705 2778 defendere.

1254 2807 1296 2844 7.
1326 2793 1576 2851 requtfitczfi·
1595 2793 1811 2846 occultant]
1834 2792 2016 2852 Elegan-

1192 2850 1338 2893 tiffime
1366 2850 1480 2894 illam
1510 2855 1719 2895 memoriae
1737 2862 1943 2904 naturam,
1965 2853 2017 2895 il.

1194 2907 1255 2950 las
1273 2910 1360 2964 ejus
1381 2907 1592 2952 facultatis
1621 2909 1787 2954 delicias
1807 2909 1880 2966 (fic
1905 2912 2016 2955 enim

1194 2967 1390 3025 appellat,
1411 2982 1537 3024 quam
1567 2967 1723 3025 aliquis
1752 2968 1924 3011 Gallico
1940 2984 2018 3012 no-

1194 3026 1304 3069 mine
1340 3025 1565 3082 capriciam
1601 3026 1776 3082 diceret)
1820 3025 2017 3071 describit

1194 3082 1354 3127 Rhetor
1393 3086 1542 3127 Seneca
1579 3085 1622 3128 in
1661 3085 1867 3142 prooemio
1900 3085 2014 3128 Con-

1195 3149 1301 3185 trov.
1336 3158 1379 3186 v.
1417 3158 1468 3203 g,
1505 3141 1612 3193 Non,
1638 3143 1734 3184 dum
1771 3156 1908 3200 quaero
1935 3143 2016 3186 ali-

1194 3199 1305 3256 quid,
1323 3199 1492 3244 invenio
1507 3219 1519 3242 .-
1538 3201 1623 3259 st’d
1633 3203 1762 3259 saepe,
1782 3202 1888 3258 quod
1902 3215 2014 3258 quae-

1194 3257 1304 3301 renti
1334 3274 1412 3302 non
1443 3259 1685 3316 comparuit,
1708 3258 1842 3301 *aliud
1874 3260 2017 3316 agenti

1186 3317 1332 3374 praesto
1349 3317 1417 3375 est.
1511 3318 1675 3360 uaedam
1695 3331 1818 3367 vero,
1838 3332 1929 3375 quae
1946 3318 2015 3360 ob·

1194 3375 1414 3434 versantia
1449 3375 1506 3417 mi
1533 3376 1564 3426 i,
1594 3384 1633 3418 et
1659 3376 1754 3433 jam
1787 3389 1842 3418 ex
1871 3375 2021 3434 aliqua

1187 3439 1315 3490 parte
1319 3435 1370 3491 fh
1388 3433 1630 3491 ostendentia
1647 3448 1724 3476 non
1737 3433 1884 3491 poffum
1902 3448 2015 3476 occu-

1186 3497 1311 3547 pare,
1330 3493 1472 3534 eadem
1482 3492 1631 3549 securo
1648 3499 1689 3535 et
1706 3491 1865 3550 repqfito
1882 3490 2020 3537 animo

1179 3549 1316 3607 subito
1331 3557 1546 3608 emergunt
1564 3550 1647 3594 &m
