2320 4030
545 341 828 403 thTIT.
856 349 966 402 ‘oin
980 349 1209 402 ATOR.
1235 350 1382 400 ΜΒ.
1417 350 1560 400 v111.
1585 352 1820 402 nomm.
2015 365 2051 419 ς

221 484 553 541 «201iebriter
590 484 789 552 comat,
833 487 1110 540 foediffima
1153 487 1273 540 sunt
1314 486 1424 559 ipso
1465 487 1652 540 formae
1695 487 1893 542 labore.
1968 490 2048 543 Et

317 557 480 611 cultus
504 560 733 630 concffts
760 570 908 631 atque
931 558 1228 630 magnificus
1252 560 1400 612 addit
1432 560 1724 625 hominibus,
1751 571 1813 612 ut
1850 562 2043 614 Graeco

316 630 464 683 versu
488 631 732 682 testatum
768 633 856 696 est,
884 631 1222 683 auctoritatem
1244 652 1261 683 .-
1299 641 1354 683 at
1391 629 1668 684 muliebris
1708 640 1763 683 et
1798 630 2042 700 luxurio-

243 726 246 730 *
316 699 421 765 suS,
449 719 554 753 non
581 719 775 772 corpus
814 712 1052 766 exornat,
1077 700 1166 754 sed
1205 700 1412 774 detegit
1448 701 1706 754 mentem.
1783 702 2042 756 Similiter

314 769 409 824 illa
442 770 759 824 transsucida
791 783 847 824 et
883 772 1159 824 verficolor
1194 772 1544 843 quorumdam
1581 772 1815 825 elocutio
1851 791 1933 825 res
1957 774 2040 844 ip-

315 841 435 896 sas⁸
477 843 767 910 effeminat,
812 862 932 914 quae
978 843 1072 895 illo
1111 845 1392 896 verborum
1445 843 1636 896 habitu
1682 844 1973 896 vestiuntur
1996 849 2084 909 ¹²..-

231 918 292 959 21
318 912 557 967 CunAM
606 933 736 986 ergo
778 915 1080 980 verborum,
1107 933 1282 967 rerum
1326 915 1448 967 volo
1488 914 1588 967 effe
1626 913 2037 968 solicitudinem.

315 985 460 1038 Nam
501 986 817 1057 plerumque
854 985 1092 1056 optimac
1136 987 1294 1039 rebus
1336 987 1626 1050 cohaerent,
1662 996 1716 1038 et
1754 998 2043 1040 cernuntur

312 1055 409 1110 suo
433 1057 638 1110 lumine
662 1078 675 1109 t
712 1068 772 1110 ,at
798 1076 895 1109 nos
919 1057 1213 1127 quaerimus
1238 1058 1349 1123 illa,
1377 1069 1650 1129 tamquam
1679 1058 1880 1111 lateant
1902 1057 2043 1110 sem-

260 1186 264 1189 ξ
313 1145 426 1199 per,
462 1127 621 1199 seque
662 1127 976 1182 subducant.
1055 1130 1138 1180 Ita
1177 1147 1472 1200 numquam
1511 1141 1764 1200 putamus
1803 1130 1944 1190 circa
1982 1129 2041 1182 id

315 1198 432 1264 effe,
462 1199 529 1253 de
554 1219 663 1271 quo
688 1199 976 1252 dicendum
1007 1201 1110 1252 est:
1150 1199 1239 1252 sed
1276 1218 1344 1251 ex
1380 1201 1496 1252 aliis
1534 1200 1668 1253 locis
1704 1201 1955 1269 petimuS,
1983 1211 2041 1254 et

231 1276 297 1317 22
315 1268 545 1324 inventis
572 1271 677 1323 vim
713 1271 997 1324 afferimuS.
1073 1270 1282 1342 Majore
1314 1271 1495 1324 animo
1526 1271 1886 1344 aggredienda
1925 1271 2040 1324 elo-

313 1342 534 1413 quentia
571 1343 679 1395 est:
721 1361 862 1414 quae‚
906 1359 959 1395 s1
1000 1353 1119 1395 toto
1158 1361 1375 1413 corpore
1414 1342 1573 1408 valet,
1603 1361 1814 1414 ungues
1851 1343 2039 1415 polire,

314 1423 371 1465 et
393 1413 646 1484 capillum
674 1431 944 1485 reponere,
972 1432 1079 1466 non
1105 1414 1423 1467 existimabit
1446 1414 1515 1467 ad
1540 1433 1721 1469 curam
1745 1413 1887 1467 suam
1921 1433 2040 1486 per-

243 1486 245 1488 ’
315 1483 506 1538 tinere.
582 1486 689 1539 Sed
728 1485 907 1538 evenit
930 1484 1268 1557 plerumque,
1296 1486 1398 1539 ut‘l
1434 1486 1535 1539 hac
1571 1484 1854 1557 diligentia
1889 1486 2041 1541 dete-

229 1563 294 1619 23
315 1555 422 1610 rior
445 1556 607 1610 etiam
636 1556 726 1609 fiat
750 1556 937 1609 oratio,
1017 1557 1249 1609 Primum
1271 1568 1312 1624 θ,
1338 1557 1464 1628 quia
1498 1557 1618 1610 sunt
1649 1556 1852 1628 optima
1875 1557 2040 1610 mini-

313 1628 680 1693 mearceffita,
707 1639 763 1680 et
798 1628 1121 1699 fimplicibus
1147 1640 1307 1700 atque
1331 1631 1398 1682 ab
1423 1629 1530 1700 ipsa
1553 1629 1771 1682 veritate
1795 1628 2046 1701 profectis

314 1697 524 1752 fimilia.
592 1701 737 1752 Nam
780 1699 891 1765 illa,
932 1718 1051 1771 quae
1093 1719 1275 1753 curam
1320 1700 1574 1763 fatentur,
1616 1710 1673 1753 et
1715 1700 1839 1754 fieta
1879 1711 2044 1772 atque

313 1771 605 1842 compofita
629 1769 795 1824 videri
832 1770 992 1823 etiam
1017 1771 1349 1837 volunt,·nec
1373 1772 1601 1844 gratiam
1626 1771 2046 1850 consequuntur.

314 1857 370 1894 et
394 1841 555 1895 fidem
579 1842 854 1907 amittunt,
881 1853 1096 1914 propter
1121 1842 1196 1908 id,
1226 1843 1372 1915 quod
1407 1844 1581 1897 sensus
1611 1843 1955 1909 obumbrant,
1986 1857 2045 1899 et

219 1922 299 1978 24
316 1929 530 1966 VELUT
573 1913 699 1966 laeto
740 1914 982 1986 gramine
1023 1914 1128 1966 sata
1171 1915 1513 1988 strangulant.
1589 1916 1734 1968 Nam
1779 1926 1852 1980 et,
1892 1915 2043 1987 quod

236 2004 261 2033 -ν
312 1984 456 2038 reEte
478 1985 586 2038 dici
613 1987 797 2056 potest,
825 1984 1170 2038 circumimus
1187 1985 1207 2018 f
1229 1992 1411 2039 amore
1436 1987 1716 2040 verborum
1739 2007 1752 2039 τ
1791 2000 1867 2053 et,
1895 1986 2044 2058 quod

311 2055 432 2108 latis
470 2056 673 2110 dietum
714 2056 804 2122 est,
848 2056 1176 2128 repetimus:
1218 2069 1292 2123 et,
1334 2058 1480 2130 quod
1518 2077 1629 2111 uno
1667 2059 1834 2119 verbo
1872 2071 2045 2130 patet,

310 2127 556 2198 pluribus
593 2146 906 2182 oneramus:
946 2139 1001 2180 et
1037 2129 1288 2200 pleraque
1325 2129 1613 2202 significare
1650 2129 1844 2183 melius
1881 2142 2040 2200 puta-

310 2217 453 2264 muS,
497 2217 660 2272 quam
698 2199 895 2252 dicere.-
971 2199 1160 2253 Quid?
1228 2202 1374 2272 qnod
1424 2200 1562 2255 nihil
1600 2200 1718 2274 jam
1767 2201 2041 2272 proprium

310 2269 504 2340 placet,
531 2270 661 2324 dum
686 2289 873 2342 parum
899 2270 1134 2324 creditur
1159 2271 1433 2339 disertum,
1459 2272 1608 2345 quod
1632 2283 1688 2326 et
1711 2271 1847 2326 alins
1879 2271 2040 2327 dixis-

230 2350 297 2406 25
314 2341 424 2395 set?
466 2343 520 2394 A
557 2342 942 2414 corruptiffimo
980 2362 1200 2414 quoque
1224 2356 1504 2415 poetarum
1530 2344 1724 2415 figuras
1753 2343 1840 2396 seu
1877 2345 2041 2397 trans-

310 2412 541 2468 lationes
567 2424 909 2467 mutuamur:
950 2425 1068 2467 tuin
1103 2413 1325 2468 demum
1355 2415 1619 2489 ingenioli
1652 2415 1869 2482 scilicet,
1897 2416 1930 2468 fi
1971 2416 2042 2470 ad

758 2580 776 2607 b
808 2582 1022 2622 vestiantur
1042 2583 1093 2622 G.

613 2635 630 2663 ¹
659 2637 876 2677 circuimus
897 2637 948 2677 G.

367 2586 383 2606 ⁸
415 2582 497 2632 ipsa
514 2583 620 2622 Jens.

1229 2589 1245 2610 Φ
1279 2583 1432 2638 optime
1451 2584 1501 2624 G.
1522 2585 1627 2624 Jens.

313 2640 331 2668 Q
360 2649 432 2675 om.
452 2637 504 2676 G.

1765 2584 1783 2610 ἆ
1818 2585 1860 2624 ln
1881 2586 1948 2640 itgs.
1970 2586 2038 2625 iid.

1214 2796 1330 2830 tatur
1368 2788 1629 2840 Nausicaam,
1666 2799 1715 2832 ut
1756 2790 1806 2843 ad
1848 2789 2040 2832 instantes

1212 2848 1382 2904 nuptias
1407 2847 1531 2892 vestes
1561 2848 1685 2898 lavet,
1707 2848 1769 2888 Ἐκ
1796 2850 1862 2900 γάρ
1891 2865 1944 2888 τοι
1974 2852 2041 2887 τέ·-

308 2784 462 2827 nsinum
494 2785 798 2829 admissarium:
844 2796 885 2830 et
917 2789 1051 2829 Varro
1087 2803 1130 2838 2,

313 2859 355 2895 7,
382 2859 451 2896 13,
472 2859 614 2901 equum
640 2858 822 2887 maxzme
841 2860 918 2888 -cre
936 2859 1025 2887 cere
1054 2845 1129 2896 ait,

309 2913 398 2943 eum
417 2901 469 2959 est
485 2902 648 2953 trimus,
669 2911 708 2944 ct
735 2903 886 2960 lacer-tq
905 2917 972 2945 um
995 2899 1099 2959 fieri
1117 2921 1128 2956 ς

309 2959 501 3016 idemque
527 2976 566 3014 3,
587 2978 629 3017 9,
658 2977 699 3015 5,
720 2961 929 3019 lacertosos
948 2961 1020 3004 effe
1042 2961 1130 3003 vult

306 3017 440 3117 {riuos
468 3018 730 3075 gallinaceos.
792 3020 879 3062 Nec
909 3020 1131 3062 absurdum

327 3086 415 3118 orte
433 3075 560 3119 fuerit
589 3087 749 3135 putare,
771 3078 910 3120 eadem
941 3077 1129 3120 similitu-

307 3134 403 3177 dine
435 3145 476 3177 et
504 3135 639 3193 figura
668 3136 742 3178 hos
760 3135 929 3178 lacertos
949 3138 1130 3194 primum

310 3206 336 3234 a
352 3191 504 3235 lacerto
524 3194 629 3252 pisce
654 3194 717 3236 vel
748 3193 1013 3252 quadrupede
1041 3197 1130 3236 dic-

310 3260 392 3299 tos,
406 3254 490 3307 qua
506 3252 650 3295 deinde
665 3251 841 3308 maseuli.
867 3253 901 3294 F
904 3255 1026 3294 irmat
1042 3253 1129 3295 haec

309 3322 391 3350 non
413 3310 616 3353 Gorraeus
645 3312 784 3359 modo,
805 3309 879 3366 qui
899 3313 971 3360 μῦν
998 3309 1132 3352 lacer-

308 3373 397 3408 tum
428 3378 576 3411 vocat:
610 3367 675 3411 sed
709 3367 844 3411 Gloff.
882 3377 1018 3419 vetus,
1049 3369 1131 3410 La-

309 3423 412 3467 certi
427 3428 517 3476 μύες
533 3426 735 3480 Βραχιόνων.

370 3497 444 3525 20.
474 3482 604 3526 cultus
634 3481 841 3540 conceffus]
882 3484 976 3539 Jam
1007 3483 1128 3527 Caelii

311 3539 543 3597 Rhodigini
595 3541 751 3583 indicio
808 3541 876 3584 hic
937 3540 1128 3583 laudatus

311 3598 443 3642 Hom.
464 3600 527 3640 08.
549 3600 603 3642 z'.
625 3614 696 3655 29.
722 3599 800 3643 ubi
821 3599 1013 3645 Minerva
1033 3599 1126 3642 hor-

1213 2921 1283 2944 των
1301 2909 1413 2958 φάτις
1426 2906 1612 2958 ἇνὲρῶπεις
1627 2905 1802 2944 §.tufini-m
1821 2905 1976 2944 Ἐσὲλή.

1288 2974 1360 3001 20.
1411 2959 1661 3017 trarfiucida
1708 2969 1750 3002 et
1795 2958 2034 3014 veffficolor]

1212 3017 1336 3059 Prius
1357 3017 1409 3059 ad
1437 3018 1548 3060 Coas
1578 3017 1700 3060 vestes
1733 3016 1909 3066 adludit,
1929 3031 2038 3058 vcn-

1213 3084 1298 3117 tum
1317 3075 1430 3118 illam
1448 3075 1646 3126 textilem,
1663 3074 1846 3117 nebulam
1864 3073 2036 3125 lineam,

1212 3134 1252 3175 in
1277 3148 1360 3191 qua
1387 3148 1576 3175 matrona
1602 3134 1745 3176 eadem
1775 3134 1971 3175 omnibus
1993 3133 2036 3175 in

1212 3192 1374 3234 theatro
1403 3192 1605 3248 publicat,
1625 3207 1719 3249 quae
1748 3191 1820 3233 dat
1853 3190 2037 3234 adultera

1213 3250 1255 3292 in
1276 3249 1475 3293 cubiculo
1497 3251 1580 3293 διε.
1616 3251 1758 3293 Locus
1779 3249 1964 3292 classicus
1985 3250 2038 3292 ad

1213 3308 1382 3352 Petron.
1405 3323 1443 3350 c.
1471 3323 1542 3362 55.
1583 3307 1797 3362 Verficolor
1825 3308 1875 3349 ad
1908 3323 2036 3350 mere-

1214 3367 1383 3409 tricium
1403 3376 1443 3408 et
1472 3366 1606 3423 ipsum
1633 3366 1797 3408 cultum
1828 3366 2002 3423 pertinet
2020 3385 2032 3408 π

1214 3425 1300 3467 haec
1339 3425 1393 3467 est
1432 3423 1631 3483 maculosa
1673 3423 1804 3467 oratio
1851 3424 2036 3468 Petronii

1214 3497 1254 3524 c.
1295 3500 1354 3534 ..3
1403 3483 1454 3524 de
1494 3497 1580 3538 qua
1615 3483 1822 3540 Bergcms
1851 3483 1900 3524 dc
1932 3484 2033 3526 Nat.

1211 3539 1382 3585 Pulchr.
1405 3542 1526 3584 Orat.
1550 3556 1592 3599 p.
1614 3555 1684 3583 11.

1249 3671 1356 3725 ,133
