2320 4030
0 3816 19 3927 W'Q„
11 3780 15 3787 .

607 290 890 345 ΙΝεΤῙΤ.
925 289 1265 340 ORATOR.
1301 287 1444 338 ΜΒ.
1468 239 1569 337 ix.
1595 303 1646 349 4.
1895 296 1992 354 159

164 446 240 492 ης
262 430 548 485 minimum
586 430 714 483 duc.
789 427 1009 483 Medius
1046 444 1302 480 numerus
1339 424 1552 478 videtur
1588 431 1851 496 quatuor:
1904 419 1995 476 sed

261 503 453 576 recipit
488 500 795 574 frequenter
831 511 887 553 et
923 499 1094 571 plura.
1169 497 1372 550 Modus
1409 497 1458 549 ei
1479 505 1499 527 ὃ
1537 515 1569 548 a
1606 494 1879 547 Cicerone.
1900 506 1995 548 aut

261 587 493 647 quatuor
516 573 728 626 senariis
753 571 1003 636 verfibu8‚
1029 580 1124 623 aut
1158 569 1318 641 ipfius
1360 567 1572 639 spiritus
1604 566 1770 618 modo
1807 567 1995 618 termi-

263 658 422 701 natur
441 647 484 698 ¹².
561 645 806 697 Praestare
840 642 1023 708 debet,
1053 653 1114 694 ut
1149 639 1354 703 sensum
1393 637 1718 703 concludat3
1758 638 1820 689 fit
1844 652 1998 708 aper-

263 727 338 781 ta,
364 729 428 770 ut
454 715 684 787 intelligi
712 713 866 786 poffit
887 734 904 780 ς
943 731 1054 766 non
1092 711 1402 776 immodica,
1427 721 1490 763 ut
1528 709 1787 762 memoria
1812 709 2000 761 'conti-

266 787 402 842 neri.
476 788 791 841 Membrum
830 784 1048 857 longius
1073 784 1219 856 justo
1238 791 1279 847 ⁶,
1310 781 1561 835 tardum:
1599 780 1815 833 brevius
1833 779 1877 843 ἅ,
1910 779 1999 832 in-

176 873 247 914 126
270 858 449 912 stabile
467 867 491 890 θ
525 858 616 911 est.
693 856 1044 928 Ubicumque
1080 855 1273 908 acriter
1303 854 1403 906 erit
1426 865 1482 907 et
1514 853 1766 905 instanter
1790 869 2002 923 pugna-

269 931 509 1002 citerque
531 928 840 993 dicendum,
866 927 1209 980 membratim
1234 924 1543 997 caefimquef
1568 924 1829 977 dicemus.
1855 923 2004 976 Nam

268 1001 412 1056 hocs
435 1003 492 1054 in
517 1000 757 1053 oratione
781 999 1073 1072 plurimum
1099 997 1275 1050 valet:
1315 996 1557 1070 adeoque
1592 996 1752 1048 rebus
1786 1012 2003 1049 accom-

269 1072 572 1127 modandah
611 1070 942 1142 compofitiO,
978 1079 1041 1124 ut
1077 1069 1268 1141 asperis
1304 1069 1509 1140 asperos
1546 1067 1711 1120 etiam
1752 1079 2005 1122 numeros

272 1143 516 1198 adhiberi
540 1154 800 1216 oporteat,
826 1153 883 1195 et
911 1159 1038 1195 cum
1074 1141 1287 1194 dicente
1324 1143 1502 1211 aequei
1537 1138 1879 1192 audientem¹
1919 1138 2008 1191 in-

181 1236 252 1276 127
273 1215 592 1270 horrescere.
667 1213 1017 1267 Membratim
1055 1212 1378 1285 plerumque
1413 1210 1766 1275 narrabimuS,
1790 1220 1885 1263 aut
1918 1210 2006 1282 ip—

273 1288 353 1341 sas
375 1286 626 1360 periodos
650 1284 942 1358 majoribus
967 1283 1282 1348 intervalli3‚
1308 1292 1364 1336 et
1391 1282 1541 1336 velut
1575 1281 1868 1335 laxioribus
1906 1298 2008 1335 no-

275 1359 411 1413 disfl·
447 1357 807 1412 resolvemusz
847 1355 1083 1428 exceptis
1121 1373 1243 1428 quae
1282 1373 1387 1406 non
1427 1352 1657 1407 docendi
1692 1352 1882 1425 gratia,
1919 1353 2010 1406 sed

277 1429 503 1484 ornandi
527 1439 838 1482 narrantur:
878 1438 942 1480 ut
967 1428 1019 1480 in
1045 1426 1272 1481 Verrem
1305 1425 1612 1550 Proserssinae
1636 1434 1829 1497 raptus.
1899 1425 2010 1478 Hic

186 1517 258 1561 128
279 1502 422 1556 enim
450 1501 585 1554 lenis
621 1510 677 1553 et
701 1500 872 1552 fluens
899 1509 1182 1552 contextus
1208 1497 1384 1551 decet.
1502 1495 1712 1549 eriodus
1736 1506 1861 1568 apta
1884 1514 2011 1570 pro·

279 1573 460 1627 oemiis
483 1571 744 1626 ma‘orum
770 1569 1082 1636 cauffarum,
1107 1569 1243 1624 ubi¹¹
1272 1568 1633 1633 solicitudine,
1659 1566 2010 1621 commenda-

277 1644 450 1710 tione,
475 1591 807 1697 mifferatione
843 1660 928 1695 res
965 1652 1113 1715 eget.
1189 1641 1327 1694 Item
1367 1639 1746 1694 communibus
1778 1639 1932 1705 Ιοοὶε,
1957 1650 2015 1692 et

280 1716 337 1770 in
360 1715 511 1769 omni
533 1713 947 1787 amplificatione
969 1734 982 1766 ε
1022 1712 1112 1766 sed
1135 1712 1369 1784 poscitur
1388 1716 1409 1738 ⁰
1445 1721 1565 1764 tum
1603 1711 1822 1777 austera,
1848 1711 1882 1764 fi
1921 1729 2012 1763 ac-

282 1787 468 1855 cuses;
506 1797 626 1840 tum
649 1785 782 1851 fusa,
809 1786 841 1838 fi
867 1784 1071 1838 laudes.
1140 1783 1386 1838 Multum
1413 1790 1470 1836 et
1492 1783 1547 1835 in
1573 1781 2014 1854 epilogis'pollet.

193 1885 264 1924 &29
282 1861 490 1913 Totum
515 1870 697 1912 autem
716 1869 737 1900 Ρ
760 1855 1127 1909 adhibendum
1153 1855 1246 1922 est,
1273 1873 1383 1927 quo
1402 1865 1423 1896 ‘¹
1452 1854 1512 1907 fit
1535 1853 1764 1925 amplius
1789 1868 2015 1939 comfo-

286 1931 486 1984 fitionis
508 1947 701 2003 genuS,
727 1946 852 1982 cum
876 1927 1046 2000 judex
1068 1945 1176 1986 non
1201 1926 1370 1979 solum
1395 1944 1508 1979 rem
1535 1934 1702 1990 tenet,
1727 1924 1819 1978 sed
1852 1936 2016 1978 ettam

279 2012 475 2075 captus
514 2003 586 2056 est
612 1999 873 2066 oratione,
899 2010 957 2052 et
991 1998 1043 2051 se
1077 1998 1248 2052 credit
1283 1997 1556 2062 a&ori,-et
1594 1995 1868 2068 voluptate
1901 1996 2020 2071 jam

281 2073 524 2128 ducitur.
599 2071 834 2126 Historia
870 2089 979 2124 non
1023 2081 1134 2124 tam
1181 2070 1359 2123 finitos
1400 2087 1670 2133 numeros,
1717 2079 1879 2140 quam
1927 2077 2025 2122 or·-

287 2145 450 2207 bem¹
483 2143 775 2217 quemdam
807 2152 1230 2213 contextumque
1264 2140 1538 2194 desiderat.
1611 2141 1864 2210 Namque
1899 2158 2023 2193 om-

291 2217 384 2270 nia
419 2211 536 2290 ejus
574 2216 816 2269 membra
852 2231 1092 2266 connexa
1123 2214 1264 2279 sunt,
1294 2223 1310 2244 ⁸
1331 2212 1586 2283 quoniam
1614 2211 1819 2264 lubrica
1840 2212 1934 2275 est,
1961 2229 2026 2265 ac

290 2289 442 2342 fluit:
483 2299 544 2341 ut
567 2286 835 2351 homines»,
861 2285 956 2357 qui
981 2284 1231 2337 manibus
1263 2284 1494 2336 invicem
1535 2281 1865 2354 apprehensis
1899 2301 2023 2355 gra-

199 2386 273 2431 130
295 2357 428 2414 dum
467 2359 699 2425 firmant,
724 2356 1009 2425 continent
1043 2365 1099 2410 et
1133 2356 1496 2410 continentur.
1570 2353 2028 2427 Denzorgst'rativum

349 2546 370 2568 ⁸
398 2540 486 2591 eJus
502 2541 609 2581 Jens.
739 2538 757 2565 ¹³
790 2539 1028 2579 terminatus
1046 2551 1104 2590 pr.
1125 2538 1178 2577 G.
1197 2550 1265 2575 non
1285 2537 1394 2578 male.
1519 2540 1537 2564 ‘
1568 2550 1637 2575 om.
1658 2536 1765 2576 Jens.
1890 2535 1908 2562 ‘¹
1939 2538 2029 2578 bre-

294 2596 411 2636 vium
430 2596 483 2634 id.
592 2601 610 2621 θ
641 2594 777 2635 stabile
797 2595 849 2634 G.
867 2594 973 2634 Jens.
1083 2590 1100 2618 f
1127 2591 1352 2642 senfimque
1372 2592 1423 2631 G.
1534 2595 1552 2621 ⁸
1584 2592 1670 2630 hac.
1682 2603 1740 2631 or.
1760 2591 1812 2630 G.
1916 2592 1936 2616 ἢ
1960 2604 2029 2631 ac-

295 2649 559 2690 commodata
576 2649 628 2689 G.
647 2650 754 2689 Jens.
865 2646 878 2674 ἱ
905 2658 1027 2699 atque
1042 2646 1112 2686 iid.
1225 2646 1235 2670 ¹
1265 2647 1455 2686 audiente
1473 2644 1524 2684 G.
1636 2651 1666 2670 “²
1699 2646 1832 2685 modis
1851 2646 1902 2686 G.
1921 2646 2030 2686 Jens.

297 2713 323 2736 n
349 2704 498 2756 quibus
516 2704 567 2744 G.
695 2709 714 2728 ⁰
746 2701 871 2754 poscit
887 2703 995 2742 Jens.
1129 2705 1150 2735 Ρ
1176 2715 1245 2739 om.
1268 2700 1321 2742 G.
1453 2707 1478 2743 ⁴1
1505 2699 1615 2752 quod
1634 2699 1686 2741 G.
1741 2730 1745 2733 κ
1821 2708 1837 2730 r
1865 2701 2030 2741 obicem

298 2759 504 2810 quandam
523 2757 630 2798 Jens.
739 2760 755 2782 ⁸
781 2765 820 2796 et
841 2756 907 2809 ins
930 2756 982 2796 G.

363 2921 464 2964 ης.
502 2922 534 2952 a
566 2907 776 2962 Cicerone]
819 2909 943 2951 Orat.
979 2908 1052 2948 66.
1086 2905 1124 2949 Ε
1205 2879 1348 2959 4,48.

300 2974 478 3037 quatuor
495 2960 642 3024 igitier,
659 2965 774 3024 quast
794 2963 1125 3009 hexametrorum
1271 2966 1371 3007 128.
1391 2961 1576 3023 austera,
1585 2961 1625 3019 fi
1643 2963 1819 3027 accuser]
1853 2963 1956 3007 Vid.
1979 2963 2031 3007 ad

301 3038 346 3070 tn
377 3029 432 3070 αι*
447 3026 645 3084 verficum
662 3024 769 3083 quod
769 3023 843 3079 fit,
860 3023 1009 3083 corfiat
1025 3022 1127 3079 fire
1211 3039 1254 3080 9,
1273 3037 1320 3075 4,
1342 3024 1416 3074 64.

295 3092 330 3144 p
367 3095 426 3127 na
440 3098 524 3127 com
551 3082 720 3139 rehetfio
739 3083 822 3126 &c.
1273 3095 1373 3135 129.
1406 3076 1551 3121 Totum
1569 3084 1706 3122 autem
1735 3076 2027 3134 adhibendum]

370 3157 420 3185 12
429 3155 471 3196 5.
539 3141 708 3200 raestare
735 3138 873 3194 debet]
903 3139 1013 3198 Eam
1039 3138 1130 3182 vim
1211 3137 1430 3198 Qidquid
1451 3135 1577 3179 habet
1596 3151 1662 3179 ars
1689 3137 1913 3182 numerosae
1940 3152 2035 3183 ora·

305 3198 430 3255 huJus
449 3201 564 3243 verbi
585 3209 716 3258 putei
732 3198 798 3243 De
817 3197 940 3242 modo
959 3197 990 3241 s.
1014 3211 1129 3241 men·
1211 3196 1355 3247 tionis,
1375 3194 1654 3238 adhibendum
1689 3194 1743 3240 est
1771 3210 1819 3237 co
1852 3205 2037 3254 tempore

305 3258 400 3308 sura
428 3257 601 3316 periodi,
621 3267 669 3301 ut
696 3271 761 3300 res
796 3255 963 3299 tulerit:
996 3270 1131 3313 neque
1214 3255 1296 3299 ὅτε.
1314 3255 1380 3297 Ex
1400 3254 1496 3296 Cic.
1511 3254 1632 3295 Orat.
1648 3254 1722 3296 62.
1744 3254 1883 3296 Genus
1899 3258 2039 3297 autem

308 3317 418 3360 enim
445 3326 604 3358 certum
633 3314 868 3374 quidquam
898 3314 941 3356 in
967 3315 1131 3357 univer·
1213 3310 1284 3357 boc
1293 3310 1489 3356 orationis
1498 3325 1548 3353 ne
1574 3317 1758 3354 uetotum
1766 3310 2036 3368 qfficmendum

310 3374 401 3419 sum
425 3374 552 3432 potest
572 3373 760 3431 praecipi.
801 3373 872 3416 At
903 3370 1007 3415 illud
1066 3372 1133 3415 ui·
1216 3371 1268 3428 est
1286 3369 1349 3412 ad
1362 3384 1435 3413 cau
1464 3383 1513 3411 as
1514 3325 1645 3425 ,lgren
1661 3382 1718 3420 es,
1737 3383 1861 3427 neque
1880 3371 2034 3414 omnino

309 3432 406 3477 dem
438 3441 552 3475 certo
610 3430 765 3475 raestare
795 3429 937 3480 debet,
964 3438 1014 3474 ut
1064 3444 1134 3474 en·
1216 3427 1419 3487 repudiaq
1475 3426 1617 3469 m.—I
1666 3435 1803 3470 autem
1831 3436 1917 3471 tum
1949 3444 2038 3471 va-

311 3490 402 3534 sum
422 3490 566 3533 conclu
599 3499 657 3539 at,
677 3497 719 3531 et
739 3486 813 3531 rel.
837 3519 839 3522 -
1218 3485 1290 3537 let,
1327 3497 1416 3528 cum
1449 3484 1500 3534 is,
1529 3483 1599 3542 qui
1631 3485 1763 3535 audit,
1792 3484 1848 3527 ab
1877 3495 2040 3531 oratore

375 3563 393 3591 x
403 3562 474 3600 27.
493 3546 743 3607 Prtfirpinae
757 3546 926 3605 raptus]
950 3545 1001 3589 In
1014 3546 1135 3589 Verr.
1211 3545 1308 3602 jam
1328 3542 1486 3604 obseffus
1501 3543 1569 3602 nst,
1581 3556 1639 3585 vac
1654 3543 1830 3590 'tenetur-
