2320 4030
365 318 465 367 344
749 301 826 353 M.
859 299 1068 351 FABII'
1102 301 1678 356 QUINCTILIANI

368 438 489 490 dice
527 435 686 490 data:
722 436 955 490 ‘multum
994 455 1161 491 exeo
1196 439 1342 510 quod
1376 441 1552 511 potuit
1587 440 1716 504 dici,
1742 440 2077 509 recidetur23
2141 472 2146 476 ν

370 507 539 560 editio
581 507 803 560 habebit
842 507 1040 562 omnia.
1114 510 1252 562 Quae
1295 521 1476 564 autem
1512 511 1801 569 secundum
1838 524 2080 567 naturam

359 577 719 649 judicantium
744 577 887 631 dieta
908 577 1046 644 sunt,
1071 597 1178 632 non
1203 579 1278 632 ita
1302 581 1515 652 posteris
1541 582 1832 648 tradentur,
1857 602 1925 636 ne
1942 591 1957 618 ⁸
1997 583 2079 637 via

370 648 596 702 deantur
630 648 878 720 pmpofiti
913 649 1082 717 fuiffe,
1111 666 1215 702 non
1257 652 1526 723 temporis·
1597 654 1743 707 Nam
1769 653 1833 706 ‘id
1866 671 2080 726 quoque
2097 658 2169 726 56

369 718 658 791 plurimum
686 718 863 786 refert,
888 738 997 792 quo
1019 720 1181 773 modo
1205 719 1375 792 judex
1398 723 1582 776 audire
1608 723 1734 777 velit
1756 745 1769 776 ε
1809 735 1969 795 atque
1993 724 2044 778 ei
2060 735 2080 757 ¹⁸

369 789 551 843 vultus
585 790 720 861 saepe
753 790 860 860 ipse
885 790 1099 843 rebius*
1136 792 1205 843 est
1228 792 1472 859 dicenti8‚
1494 805 1558 847 ut
1596 794 1786 848 Cicero
1821 795 2080 866 praecipit.

371 860 608 931 Ideoque
645 860 942 912 instandum
978 860 1063 926 iis,
1089 880 1208 932 quae
1246 862 1449 932 placere
1486 864 1827 930 intellexeriS,
1851 866 2081 919 resilien-

371 930 501 983 dum
528 932 593 983 ab
621 930 704 995 iis,
731 946 851 1002 quae
888 949 994 983 non
1030 933 1369 1003 recipientur.
1442 936 1628 988 Sermo
1661 936 1786 1007 ipse,
1810 938 1903 1007 qui
1929 936 2083 990 facile

361 994 600 1072 judicem
626 1001 834 1066 doceat,
859 1001 1138 1072 optandus.
1209 1005 1329 1056 Nec
1352 1004 1406 1057 id
1430 1005 1626 1058 mirum
1663 1007 1740 1072 fit,
1763 1026 1886 1060 cum
1921 1008 2077 1061 etiam
2098 1023 2166 1080 57

370 1071 578 1124 testium
617 1071 848 1143 personis
885 1072 1060 1144 aliqua
1102 1084 1397 1128 mutentur.
1471 1076 1758 1130 Prudenter
1791 1078 1955 1142 enim,
1987 1079 2083 1149 qui

369 1161 498 1197 cum
533 1142 895 1214 interrogaffet
933 1143 1178 1196 rusticum
1215 1146 1416 1211 testem,
1461 1168 1530 1199 an
1550 1155 1571 1189 7
1607 1147 1887 1220 Amphiona
1908 1158 1931 1181 ²
1970 1151 2081 1220 nos-
2146 1179 2151 1182 -

355 1215 441 1284 fit
461 1214 528 1264 ³?
578 1225 808 1286 negante
827 1215 851 1247 b
888 1231 954 1266 eo
992 1214 1219 1268 detraxit
1258 1215 1622 1287 aspirationem
1643 1228 1685 1282 ε,
1723 1218 2084 1290 breviavitque

370 1283 651 1337 secundam
677 1283 790 1337 e‘us
814 1284 1045 1338 nominis
1065 1285 1337 1356 syllabam,
1355 1298 1410 1339 et
1430 1287 1519 1340 ille
1538 1304 1661 1340 eum
1681 1289 1748 1342 fic
1763 1290 1964 1360 optime
1982 1308 2080 1343 no·

370 1365 471 1407 rat.
529 1355 682 1426 Huju
704 1355 848 1408 modi
874 1355 1017 1408 casus
1041 1356 1296 1423 efficiunt,
1319 1368 1379 1410 ut
1396 1357 1679 1430 aliquando
1704 1360 1909 1413 dicatur
1933 1360 2084 1414 aliter

371 1443 533 1497 quam
574 1426 850 1491 scribi>tur3
889 1445 1009 1479 cum
1048 1427 1243 1492 dicere,
1271 1447 1380 1500 quo
1414 1429 1577 1482 modo
1615 1431 1947 1485 scribendum
1988 1433 2080 1496 est,

369 1515 479 1550 non
519 1496 669 1549 licet.
742 1497 926 1550 Altera
966 1498 1039 1550 est
1079 1498 1277 1564 divisio,
1303 1516 1420 1570 quae
1458 1500 1512 1552 in
1552 1510 1658 1554 tres
1690 1512 1863 1572 partes
1886 1514 1941 1555 et
1975 1502 2082 1573 ipsa
2098 1503 2168 1575 58

369 1566 592 1620 discedit
609 1568 652 1631 d,
678 1586 783 1639 qua
819 1567 1039 1620 discerni
1078 1569 1222 1639 posse
1252 1571 1412 1623 etiam
1453 1570 1594 1623 reete
1632 1571 1844 1625 dicendi
1886 1591 2085 1644 genera

369 1638 511 1691 inter
533 1639 584 1691 se
609 1638 872 1691 videntur.
944 1640 1196 1710 Namque
1216 1660 1388 1694 unum
1399 1641 1608 1712 subtile,
1634 1643 1777 1714 quod
1803 1643 1964 1710 ἰσχνὸν
1985 1662 2078 1696 vo·

368 1720 515 1762 cant.
592 1708 834 1762 Alterum
867 1711 1066 1781 grande
1101 1722 1257 1780 atque
1292 1711 1549 1783 rohzgstum,
1577 1712 1733 1783 quod.
1761 1713 2084 1768 constituunt

367 1778 523 1848 ἁδρόν.
579 1781 824 1833 Tertium
850 1779 940 1833 alii
965 1780 1174 1833 medium
1196 1800 1263 1834 ex
1286 1782 1516 1849 duobuS,
1542 1784 1627 1835 alii
1637 1783 1882 1855 floridum
1913 1789 2083 1853 (nam-
2098 1805 2168 1860 59

409 1867 478 1902 ue
514 1849 573 1902 id
614 1850 810 1914 ἀνθηρὸν
848 1850 1132 1922 appellant)
1175 1852 1513 1919 addiderunt,
1578 1873 1765 1908 uorum
1802 1866 1980 1909 tamen
2017 1874 2084 1910 ea

366 1869 480 1973 {re
502 1919 638 1974 ratio
666 1921 761 1986 est,
787 1930 850 1974 ut
877 1922 1105 1992 primum
1139 1873 1667 1989 docendi,'secun3um
1705 1926 1948 1991 movendi,
1974 1939 2080 1980 tor·-

367 1991 507 2044 tium
546 1991 692 2047 illud·
719 2003 1074 2063 utrocumque
1097 2005 1128 2058 †
1171 1995 1403 2060 nomine,
1443 1996 1737 2062 deleclandi,
1763 1997 1862 2050 five
1897 1997 2080 2050 alinde

366 2062 829 2116 interconciliandi
864 2065 1098 2133 praestare
1133 2065 1411 2118 videatur?
1439 2067 1708 2120 officium:
1749 2067 1804 2119 in
1839 2067 2080 2124 docendo

367 2143 547 2186 aunem
589 2154 807 2196 acumen,
846 2134 942 2186 ing
977 2134 1449 2189 interconciliando
1489 2137 1686 2203 lenitaS,
1720 2138 1774 2190 in
1815 2139 2080 2196 movendo

362 2204 605 2275 gravitas
629 2204 652 2237 ¹¹
701 2203 957 2258 videatur.
1033 2207 1216 2278 Itaque
1264 2207 1361 2260 illo
1410 2203 1587 2261 subtili
1635 2208 1895 2280 praecipue
1943 2209 2079 2263 ratio

367 2275 611 2330 narrandi
648 2275 1015 2349 probandique
1047 2277 1306 2331 consistit:
1344 2278 1431 2331 sed
1465 2279 1612 2351 quod
1637 2280 1798 2333 etiam
1828 2279 2077 2334 detractis

918 2449 934 2476 t
962 2454 1008 2484 ut
1029 2444 1079 2484 G.
1201 2452 1220 2472 ¹¹
1252 2448 1316 2488 his
1335 2447 1487 2488 multus
1506 2449 1556 2488 G.
1579 2461 1616 2489 2.
1735 2454 1754 2474 ¹
1786 2449 1909 2488 ιτᾶοῐ
1932 2449 2023 2490 obr.
2044 2459 2079 2489 et

927 2502 951 2535 Y
979 2509 1019 2538 at
1039 2501 1090 2538 G.
1106 2501 1211 2539 Jens.
1335 2510 1354 2530 2
1380 2504 1658 2553 Amphionem
1679 2504 1729 2542 G.
1753 2505 1957 2555 Amphion
1971 2506 2077 2543 Jens.

372 2560 391 2580 ὃ
421 2565 489 2591 om.
510 2554 559 2590 G.
578 2553 683 2591 Jens.
795 2554 810 2577 ὓ
844 2562 961 2604 negat
979 2563 1018 2592 et
1037 2554 1134 2592 detr.
1153 2554 1257 2593 Jens.
1277 2565 1426 2606 negant
1441 2569 1489 2594 eo
1508 2557 1728 2598 detraxisset
1746 2558 1798 2597 G.
1912 2564 1929 2583 ⁶
1961 2555 2078 2608 spira-

371 2605 481 2644 tione
497 2606 604 2644 brevi
624 2615 771 2655 autque
791 2607 841 2645 G.
952 2609 968 2631 ‘¹
1002 2607 1198 2646 descendit
1220 2610 1271 2647 G.
1378 2615 1408 2659 †
1436 2610 1710 2662 ultrorumque
1729 2612 1778 2649 G.
1801 2623 1839 2649 2.
1932 2616 1949 2635 θ
1985 2612 2074 2650 Vid.

372 2673 440 2696 om.
464 2657 606 2698 Rollino
623 2669 659 2698 et
681 2659 800 2710 Capp.
830 2661 902 2699 Pro
921 2661 1028 2699 aliud
1049 2660 1149 2699 inter
1166 2662 1256 2713 conj.
1276 2662 1637 2704 Heum.·auditores.
1770 2664 1787 2690 f
1811 2664 1878 2704 Sic
1895 2665 1948 2703 G.
1965 2665 2016 2704 G.
2037 2679 2077 2706 2.

371 2722 409 2796 gt
424 2711 476 2750 al.
498 2713 620 2805 IgSS.
639 2722 699 2765 ap.
719 2715 849 2753 Burm.
893 2713 970 2754 Cur
988 2715 1104 2766 igitur
1123 2714 1177 2753 ita
1194 2716 1260 2753 diu
1279 2725 1453 2755 retentum
1470 2718 1655 2757 videtur?
1763 2724 1782 2749 ⁸
1811 2732 1880 2759 om,
1899 2719 1952 2758 G.
1971 2719 2075 2758 Jens.

421 2779 490 2805 om.
554 2793 562 2802 .
1101 2787 1104 2789 Δ
2050 2794 2054 2798 .

424 2450 440 2471 ⁸
471 2445 692 2484 reciderunt
709 2445 813 2484 Jens.

370 2514 409 2538 eo
427 2512 495 2536 non
511 2499 662 2552 inspefio
682 2500 821 2538 lVerlh.

437 2906 507 2958 56.
538 2902 751 2946 ei-‹vultus
779 2905 884 2961 saepe
901 2904 1000 2962 ipfi]
1034 2905 1076 2947 Si
1096 2919 1185 2947 om-

373 2962 472 3005 niuo
502 2961 561 3003 ita
589 2961 738 3018 scriplit
759 2964 929 3014 Fabius,
949 2964 1060 3019 quod
1092 2965 1184 3006 asse-

373 3033 511 3063 verare
540 3033 621 3061 non
660 3018 802 3070 ausim,
831 3020 1018 3063 dativum
1054 3021 1185 3078 posuit

373 3093 448 3136 pro
480 3075 663 3118 ablativo
695 3088 802 3119 cum'
820 3077 1113 3136 praepositione,
1138 3089 1186 3121 ut

375 3134 514 3179 audita
532 3133 606 3176 tibi
617 3141 812 3190 putaram
833 3136 912 3178 διε.
941 3137 982 3177 Si
1002 3135 1185 3186 exstaret,

376 3209 401 3236 a
420 3193 539 3236 nobis
559 3193 724 3248 quidem
746 3193 934 3236 inventus
957 3192 1047 3236 esset
1063 3195 1186 3237 Cice-

376 3253 504 3300 ronis,
525 3250 575 3291 ad
597 3265 715 3306 quem
736 3252 913 3307 respicit,
935 3251 1064 3302 locus,
1085 3251 1187 3294 nihil

378 3309 484 3352 forte
501 3308 772 3350 dn¹›itationis
792 3308 1100 3364 relinqueretur.

440 3369 510 3421 56.
543 3366 949 3421 Sermo—optandus]
981 3367 1041 3408 H.
1056 3381 1093 3408 e.
1115 3366 1188 3409 eli-

378 3426 550 3482 gendus,
589 3433 629 3464 et
676 3422 843 3465 studiose
884 3423 1187 3474 consectandus,

376 3481 538 3534 αἱρετέοις.
568 3481 742 3530 Quoties
762 3482 803 3522 in
823 3480 1189 3524 declamationibus

376 3545 514 3593 optant
542 3538 708 3596 praemia
737 3536 881 3587 fortes,
901 3539 1066 3596 nuptias
1082 3537 1190 3597 ‘rap-

1266 2907 1367 2950 toris
1397 2918 1470 2951 aut
1499 2918 1670 2952 mortem
1689 2914 1850 2967 raptae?
1882 2909 2079 2966 Adoptare

1267 2975 1307 3006 et
1343 2974 1522 3023 cooptare
1559 2977 1647 3011 tota
1685 2967 1775 3010 sunt
1809 2982 1858 3010 ex
1889 2967 1966 3010 hac
2002 2982 2076 3010 no-

1266 3033 1393 3066 tione.

1332 3096 1397 3135 59.
1436 3081 1535 3136 five
1570 3082 1688 3125 aliud
1718 3081 2076 3136 inter-conciliandi]

1267 3138 1615 3183 Interconciliandi
1661 3141 1830 3182 verbum
1878 3154 1929 3183 an
1978 3141 2077 3183 alias

1267 3198 1391 3238 etiam
1410 3197 1584 3253 legatur,
1603 3198 1766 3240 dubito.
1788 3198 1898 3240 Cum
1920 3198 1984 3240 bis
2005 3212 2078 3256 po-

1268 3252 1384 3295 situm
1420 3254 1481 3304 fit,
1501 3270 1549 3297 eo
1579 3256 1717 3298 minus
1748 3255 1871 3298 ausim
1901 3265 2076 3297 mutare.

1270 3309 1393 3352 Aliud
1416 3327 1512 3354 vero
1540 3327 1561 3354 e
1589 3317 1772 3370 margine
1801 3312 1984 3369 irnepfiffe
2012 3327 2076 3354 ar-

1269 3369 1415 3418 bitror,
1464 3384 1559 3412 cum
1610 3373 1845 3413 varietatem
1893 3370 2077 3413 leaionis

1269 3440 1557 3483 quamcunque
1580 3427 1694 3470 aliud
1720 3428 1925 3486 exemplar
1952 3428 2075 3476 habe-

1270 3498 1328 3534 re,
1348 3483 1498 3541 aliquis
1516 3485 1726 3529 indicaret.
