<?xml version="1.0" encoding="UTF-8"?>
<!DOCTYPE html PUBLIC "-//W3C//DTD XHTML 1.0 Transitional//EN"
    "http://www.w3.org/TR/xhtml1/DTD/xhtml1-transitional.dtd">
<html xmlns="http://www.w3.org/1999/xhtml" xml:lang="en" lang="en">
 <head>
  <title>
</title>
<meta http-equiv="Content-Type" content="text/html;charset=utf-8" />
  <meta name='ocr-system' content='tesseract 3.04.00' />
  <meta name='ocr-capabilities' content='ocr_page ocr_carea ocr_par ocr_line ocrx_word'/>
</head>
<body>
  <div class='ocr_page' id='page_1' title='image "./deinstitutioneor02quinuoft_0323.png"; bbox 0 0 2320 4030; ppageno 0'>
   <div class='ocr_carea' id='block_1_1' title="bbox 594 303 1975 383">
    <p class='ocr_par' dir='ltr' id='par_1_1' title="bbox 594 303 1975 383">
     <span class='ocr_line' id='line_1_1' title="bbox 594 303 1975 383; baseline -0.003 -11"><span class='ocrx_word' id='word_1_1' title='bbox 594 303 1248 372; x_wconf 71' lang='lat' dir='ltr'>1NsT1T.&#39;oRAToR.</span> <span class='ocrx_word' id='word_1_2' title='bbox 1282 317 1422 368; x_wconf 76' lang='lat' dir='ltr'>Lm.</span> <span class='ocrx_word' id='word_1_3' title='bbox 1457 318 1572 369; x_wconf 76' lang='lat' dir='ltr'>xii.</span> <span class='ocrx_word' id='word_1_4' title='bbox 1604 333 1657 380; x_wconf 80' lang='lat'>3.</span> <span class='ocrx_word' id='word_1_5' title='bbox 1877 325 1975 383; x_wconf 75' lang='lat'>315</span> 
     </span>
    </p>
   </div>
   <div class='ocr_carea' id='block_1_2' title="bbox 154 454 2052 2807">
    <p class='ocr_par' dir='ltr' id='par_1_2' title="bbox 154 454 2052 1594">
     <span class='ocr_line' id='line_1_2' title="bbox 241 454 2052 527; baseline -0.003 -15"><span class='ocrx_word' id='word_1_6' title='bbox 241 455 408 519; x_wconf 54' lang='lat' dir='ltr'>dum}</span> <span class='ocrx_word' id='word_1_7' title='bbox 447 456 689 512; x_wconf 88' lang='lat' dir='ltr'>moribus</span> <span class='ocrx_word' id='word_1_8' title='bbox 714 475 838 513; x_wconf 90' lang='lat' dir='ltr'>vero</span> <span class='ocrx_word' id='word_1_9' title='bbox 861 455 1153 509; x_wconf 84' lang='lat' dir='ltr'>formandis</span> <span class='ocrx_word' id='word_1_10' title='bbox 1177 472 1340 527; x_wconf 88' lang='lat' dir='ltr'>quam</span> <span class='ocrx_word' id='word_1_11' title='bbox 1364 454 1715 508; x_wconf 85' lang='lat' dir='ltr'>honestiffima</span> <span class='ocrx_word' id='word_1_12' title='bbox 1737 472 1972 526; x_wconf 85' lang='lat' dir='ltr'>praecep-</span> <span class='ocrx_word' id='word_1_13' title='bbox 2048 475 2052 477; x_wconf 93' lang='lat'>·</span> 
     </span>
     <span class='ocr_line' id='line_1_3' title="bbox 241 525 1974 602; baseline -0.003 -20"><span class='ocrx_word' id='word_1_14' title='bbox 241 539 320 595; x_wconf 81' lang='lat' dir='ltr'>ta,</span> <span class='ocrx_word' id='word_1_15' title='bbox 345 529 788 602; x_wconf 72' lang='lat' dir='ltr'>reffiffimamque</span> <span class='ocrx_word' id='word_1_16' title='bbox 825 528 894 581; x_wconf 88' lang='lat' dir='ltr'>ad</span> <span class='ocrx_word' id='word_1_17' title='bbox 932 527 1185 580; x_wconf 78' lang='lat' dir='ltr'>virtutem</span> <span class='ocrx_word' id='word_1_18' title='bbox 1220 527 1369 579; x_wconf 73' lang='lat' dir='ltr'>&#39;viam</span> <span class='ocrx_word' id='word_1_19' title='bbox 1405 525 1627 596; x_wconf 83' lang='lat' dir='ltr'>deliget.</span> <span class='ocrx_word' id='word_1_20' title='bbox 1702 526 1974 578; x_wconf 86' lang='lat' dir='ltr'>Exercita-</span> 
     </span>
     <span class='ocr_line' id='line_1_4' title="bbox 243 596 1973 682; baseline -0.002 -30"><span class='ocrx_word' id='word_1_21' title='bbox 243 599 392 660; x_wconf 83' lang='lat' dir='ltr'>tione</span> <span class='ocrx_word' id='word_1_22' title='bbox 431 600 650 682; x_wconf 89' lang='lat' dir='ltr'>quidem</span> <span class='ocrx_word' id='word_1_23' title='bbox 692 609 874 659; x_wconf 88' lang='lat' dir='ltr'>utetur</span> <span class='ocrx_word' id='word_1_24' title='bbox 911 598 1080 663; x_wconf 87' lang='lat' dir='ltr'>omni,</span> <span class='ocrx_word' id='word_1_25' title='bbox 1122 596 1212 650; x_wconf 91' lang='lat' dir='ltr'>sed</span> <span class='ocrx_word' id='word_1_26' title='bbox 1249 608 1429 650; x_wconf 84' lang='lat' dir='ltr'>tamen</span> <span class='ocrx_word' id='word_1_27' title='bbox 1473 597 1574 648; x_wconf 91' lang='lat' dir='ltr'>erit</span> <span class='ocrx_word' id='word_1_28' title='bbox 1615 596 1876 667; x_wconf 87' lang='lat' dir='ltr'>plurimus</span> <span class='ocrx_word' id='word_1_29' title='bbox 1917 596 1973 649; x_wconf 87' lang='lat' dir='ltr'>in</span> 
     </span>
     <span class='ocr_line' id='line_1_5' title="bbox 155 667 1976 744; baseline -0.004 -19"><span class='ocrx_word' id='word_1_30' title='bbox 155 670 223 730; x_wconf 85' lang='lat'>28</span> <span class='ocrx_word' id='word_1_31' title='bbox 246 671 491 724; x_wconf 78' lang='lat' dir='ltr'>maximis</span> <span class='ocrx_word' id='word_1_32' title='bbox 517 670 812 744; x_wconf 82' lang='lat' dir='ltr'>quibusque</span> <span class='ocrx_word' id='word_1_33' title='bbox 847 687 908 721; x_wconf 89' lang='lat' dir='ltr'>ac</span> <span class='ocrx_word' id='word_1_34' title='bbox 942 677 1134 721; x_wconf 88' lang='lat' dir='ltr'>natura</span> <span class='ocrx_word' id='word_1_35' title='bbox 1164 667 1541 740; x_wconf 85' lang='lat' dir='ltr'><strong>pulcherrimis</strong></span> <span class='ocrx_word' id='word_1_36' title='bbox 1563 677 1598 720; x_wconf 63' lang='lat' dir='ltr'>f.</span> <span class='ocrx_word' id='word_1_37' title='bbox 1674 669 1819 720; x_wconf 88' lang='lat' dir='ltr'>Nam</span> <span class='ocrx_word' id='word_1_38' title='bbox 1854 685 1976 737; x_wconf 75' lang='lat' dir='ltr'>quae</span> 
     </span>
     <span class='ocr_line' id='line_1_6' title="bbox 242 738 1975 814; baseline -0.003 -19"><span class='ocrx_word' id='word_1_39' title='bbox 242 742 416 814; x_wconf 82' lang='lat' dir='ltr'>potest</span> <span class='ocrx_word' id='word_1_40' title='bbox 458 742 678 794; x_wconf 85' lang='lat' dir='ltr'>materia</span> <span class='ocrx_word' id='word_1_41' title='bbox 708 739 919 812; x_wconf 88' lang='lat' dir='ltr'>reperiri</span> <span class='ocrx_word' id='word_1_42' title='bbox 959 738 1027 792; x_wconf 87' lang='lat' dir='ltr'>ad</span> <span class='ocrx_word' id='word_1_43' title='bbox 1063 739 1294 811; x_wconf 82' lang='lat' dir='ltr'>graviter</span> <span class='ocrx_word' id='word_1_44' title='bbox 1333 738 1539 809; x_wconf 83' lang='lat' dir='ltr'>copiose</span> <span class='ocrx_word' id='word_1_45' title='bbox 1582 756 1649 790; x_wconf 87' lang='lat' dir='ltr'>ue</span> <span class='ocrx_word' id='word_1_46' title='bbox 1686 738 1975 790; x_wconf 88' lang='lat' dir='ltr'>dicendum</span> 
     </span>
     <span class='ocr_line' id='line_1_7' title="bbox 243 757 1974 883; baseline -0.002 -19"><span class='ocrx_word' id='word_1_47' title='bbox 243 812 419 883; x_wconf 83' lang='lat' dir='ltr'>magis</span> <span class='ocrx_word' id='word_1_48' title='bbox 455 812 750 876; x_wconf 81' lang='lat' dir='ltr'>abundanS,</span> <span class='ocrx_word' id='word_1_49' title='bbox 778 828 940 882; x_wconf 86' lang='lat' dir='ltr'>quam</span> <span class='ocrx_word' id='word_1_50' title='bbox 975 811 1035 862; x_wconf 82' lang='lat' dir='ltr'>de</span> <span class='ocrx_word' id='word_1_51' title='bbox 1071 811 1278 875; x_wconf 84' lang='lat' dir='ltr'>virtute,</span> <span class='ocrx_word' id='word_1_52' title='bbox 1308 811 1367 861; x_wconf 80' lang='lat' dir='ltr'>de</span> <span class='ocrx_word' id='word_1_53' title='bbox 1401 757 1672 881; x_wconf 44' lang='lat' dir='ltr'>repuhslica,</span> <span class='ocrx_word' id='word_1_54' title='bbox 1701 810 1761 861; x_wconf 77' lang='lat' dir='ltr'>de</span> <span class='ocrx_word' id='word_1_55' title='bbox 1793 809 1974 879; x_wconf 79' lang='lat' dir='ltr'>provi-</span> 
     </span>
     <span class='ocr_line' id='line_1_8' title="bbox 243 878 1979 954; baseline -0.002 -19"><span class='ocrx_word' id='word_1_56' title='bbox 243 883 436 949; x_wconf 66' lang='lat' dir='ltr'>dentia,</span> <span class='ocrx_word' id='word_1_57' title='bbox 460 884 520 935; x_wconf 83' lang='lat' dir='ltr'>de</span> <span class='ocrx_word' id='word_1_58' title='bbox 558 883 746 954; x_wconf 83' lang='lat' dir='ltr'><em>origine</em></span> <span class='ocrx_word' id='word_1_59' title='bbox 786 882 1079 946; x_wconf 81' lang='lat' dir='ltr'>animorum,</span> <span class='ocrx_word' id='word_1_60' title='bbox 1108 882 1168 933; x_wconf 85' lang='lat' dir='ltr'>de</span> <span class='ocrx_word' id='word_1_61' title='bbox 1207 881 1474 934; x_wconf 80' lang='lat' dir='ltr'>amicitia?</span> <span class='ocrx_word' id='word_1_62' title='bbox 1512 882 1648 944; x_wconf 84' lang='lat' dir='ltr'>Haec</span> <span class='ocrx_word' id='word_1_63' title='bbox 1685 880 1825 944; x_wconf 88' lang='lat' dir='ltr'>sunt,</span> <span class='ocrx_word' id='word_1_64' title='bbox 1852 878 1979 951; x_wconf 87' lang='lat' dir='ltr'>qui-</span> 
     </span>
     <span class='ocr_line' id='line_1_9' title="bbox 243 951 1977 1026; baseline -0.003 -19"><span class='ocrx_word' id='word_1_65' title='bbox 243 953 348 1007; x_wconf 92' lang='lat' dir='ltr'>bus</span> <span class='ocrx_word' id='word_1_66' title='bbox 374 973 525 1007; x_wconf 88' lang='lat' dir='ltr'>mens</span> <span class='ocrx_word' id='word_1_67' title='bbox 550 955 745 1026; x_wconf 85' lang='lat' dir='ltr'>pariter</span> <span class='ocrx_word' id='word_1_68' title='bbox 768 963 932 1024; x_wconf 85' lang='lat' dir='ltr'>atque</span> <span class='ocrx_word' id='word_1_69' title='bbox 956 952 1125 1005; x_wconf 89' lang='lat' dir='ltr'>oratio</span> <span class='ocrx_word' id='word_1_70' title='bbox 1150 953 1454 1023; x_wconf 79' lang='lat' dir='ltr'>insurgant:</span> <span class='ocrx_word' id='word_1_71' title='bbox 1495 973 1609 1024; x_wconf 80' lang='lat' dir='ltr'>quae</span> <span class='ocrx_word' id='word_1_72' title='bbox 1643 971 1759 1004; x_wconf 80' lang='lat' dir='ltr'>vere</span> <span class='ocrx_word' id='word_1_73' title='bbox 1771 960 1791 983; x_wconf 72' lang='lat'>‘⁸</span> <span class='ocrx_word' id='word_1_74' title='bbox 1832 951 1977 1016; x_wconf 83' lang='lat' dir='ltr'>bona,</span> 
     </span>
     <span class='ocr_line' id='line_1_10' title="bbox 278 1022 1978 1096; baseline -0.001 -20"><span class='ocrx_word' id='word_1_75' title='bbox 278 1025 372 1078; x_wconf 78' lang='lat' dir='ltr'>uid</span> <span class='ocrx_word' id='word_1_76' title='bbox 403 1025 595 1096; x_wconf 77' lang='lat' dir='ltr'>mitiget</span> <span class='ocrx_word' id='word_1_77' title='bbox 619 1034 789 1090; x_wconf 81' lang='lat' dir='ltr'>metus,</span> <span class='ocrx_word' id='word_1_78' title='bbox 816 1031 1040 1076; x_wconf 65' lang='lat' dir='ltr'>coerceat</span> <span class='ocrx_word' id='word_1_79' title='bbox 1061 1043 1120 1075; x_wconf 81' lang='lat' dir='ltr'>cu</span> <span class='ocrx_word' id='word_1_80' title='bbox 1155 1024 1372 1086; x_wconf 81' lang='lat' dir='ltr'>iditates,</span> <span class='ocrx_word' id='word_1_81' title='bbox 1399 1023 1582 1076; x_wconf 82' lang='lat' dir='ltr'>eximat</span> <span class='ocrx_word' id='word_1_82' title='bbox 1617 1042 1703 1076; x_wconf 85' lang='lat' dir='ltr'>nos</span> <span class='ocrx_word' id='word_1_83' title='bbox 1738 1022 1978 1094; x_wconf 81' lang='lat' dir='ltr'>opinioni-</span> 
     </span>
     <span class='ocr_line' id='line_1_11' title="bbox 155 1043 1977 1171; baseline -0.001 -24"><span class='ocrx_word' id='word_1_84' title='bbox 155 1043 336 1171; x_wconf 51' lang='lat'><em>2931&amp;</em></span> <span class='ocrx_word' id='word_1_85' title='bbox 377 1097 546 1168; x_wconf 82' lang='lat' dir='ltr'>vulgi,</span> <span class='ocrx_word' id='word_1_86' title='bbox 576 1097 916 1167; x_wconf 69' lang='lat' dir='ltr'>animumquet</span> <span class='ocrx_word' id='word_1_87' title='bbox 963 1094 1082 1146; x_wconf 83' lang='lat' dir='ltr'>caele</span> <span class='ocrx_word' id='word_1_88' title='bbox 1122 1116 1212 1148; x_wconf 76' lang='lat' dir='ltr'>em.</span> <span class='ocrx_word' id='word_1_89' title='bbox 1287 1097 1486 1166; x_wconf 86' lang='lat' dir='ltr'><strong>Neque</strong></span> <span class='ocrx_word' id='word_1_90' title='bbox 1526 1113 1590 1147; x_wconf 88' lang='lat' dir='ltr'>ea</span> <span class='ocrx_word' id='word_1_91' title='bbox 1630 1094 1820 1158; x_wconf 90' lang='lat' dir='ltr'>solum,</span> <span class='ocrx_word' id='word_1_92' title='bbox 1856 1112 1977 1164; x_wconf 87' lang='lat' dir='ltr'>quae</span> 
     </span>
     <span class='ocr_line' id='line_1_12' title="bbox 246 1165 1981 1238; baseline -0.001 -19"><span class='ocrx_word' id='word_1_93' title='bbox 246 1166 442 1220; x_wconf 89' lang='lat' dir='ltr'>talibus</span> <span class='ocrx_word' id='word_1_94' title='bbox 466 1166 754 1238; x_wconf 81' lang='lat' dir='ltr'>disciplinis</span> <span class='ocrx_word' id='word_1_95' title='bbox 778 1165 1141 1230; x_wconf 87' lang='lat' dir='ltr'>continentur,</span> <span class='ocrx_word' id='word_1_96' title='bbox 1162 1166 1255 1220; x_wconf 88' lang='lat' dir='ltr'>sed</span> <span class='ocrx_word' id='word_1_97' title='bbox 1285 1166 1461 1238; x_wconf 86' lang='lat' dir='ltr'>magis</span> <span class='ocrx_word' id='word_1_98' title='bbox 1495 1166 1677 1229; x_wconf 85' lang='lat' dir='ltr'>etiam,</span> <span class='ocrx_word' id='word_1_99' title='bbox 1706 1184 1827 1236; x_wconf 87' lang='lat' dir='ltr'>quae</span> <span class='ocrx_word' id='word_1_100' title='bbox 1860 1166 1981 1218; x_wconf 77' lang='lat' dir='ltr'>sunt</span> 
     </span>
     <span class='ocr_line' id='line_1_13' title="bbox 244 1236 1980 1310; baseline 0 -19"><span class='ocrx_word' id='word_1_101' title='bbox 244 1237 440 1291; x_wconf 86' lang='lat' dir='ltr'>tradita</span> <span class='ocrx_word' id='word_1_102' title='bbox 478 1238 795 1310; x_wconf 79' lang='lat' dir='ltr'>antiquituS,</span> <span class='ocrx_word' id='word_1_103' title='bbox 832 1236 994 1302; x_wconf 66' lang='lat' dir='ltr'>dieta,</span> <span class='ocrx_word' id='word_1_104' title='bbox 1032 1255 1094 1289; x_wconf 86' lang='lat' dir='ltr'>ac</span> <span class='ocrx_word' id='word_1_105' title='bbox 1133 1236 1272 1292; x_wconf 64' lang='lat' dir='ltr'>facta</span> <span class='ocrx_word' id='word_1_106' title='bbox 1311 1236 1582 1308; x_wconf 77' lang='lat' dir='ltr'>praeclare,</span> <span class='ocrx_word' id='word_1_107' title='bbox 1629 1247 1683 1289; x_wconf 89' lang='lat' dir='ltr'>et</span> <span class='ocrx_word' id='word_1_108' title='bbox 1720 1236 1878 1302; x_wconf 82' lang='lat' dir='ltr'>nofl&#39;e,</span> <span class='ocrx_word' id='word_1_109' title='bbox 1921 1250 1980 1291; x_wconf 83' lang='lat' dir='ltr'>et</span> 
     </span>
     <span class='ocr_line' id='line_1_14' title="bbox 244 1307 1979 1380; baseline 0 -18"><span class='ocrx_word' id='word_1_110' title='bbox 244 1309 427 1363; x_wconf 87' lang='lat' dir='ltr'>animo</span> <span class='ocrx_word' id='word_1_111' title='bbox 450 1309 651 1380; x_wconf 82' lang='lat' dir='ltr'><strong>semper</strong></span> <span class='ocrx_word' id='word_1_112' title='bbox 676 1309 876 1379; x_wconf 83' lang='lat' dir='ltr'>agitare</span> <span class='ocrx_word' id='word_1_113' title='bbox 903 1307 1204 1362; x_wconf 87' lang='lat' dir='ltr'>conveniet.</span> <span class='ocrx_word' id='word_1_114' title='bbox 1281 1309 1423 1362; x_wconf 72' lang='lat' dir='ltr'>Quae</span> <span class='ocrx_word' id='word_1_115' title='bbox 1455 1308 1694 1379; x_wconf 60' lang='lat' dir='ltr'>profecto</span> <span class='ocrx_word' id='word_1_116' title='bbox 1720 1307 1979 1378; x_wconf 86' lang='lat' dir='ltr'>nusquam</span> 
     </span>
     <span class='ocr_line' id='line_1_15' title="bbox 245 1377 1982 1453; baseline -0.001 -21"><span class='ocrx_word' id='word_1_117' title='bbox 245 1377 398 1453; x_wconf 85' lang='lat' dir='ltr'>plura</span> <span class='ocrx_word' id='word_1_118' title='bbox 421 1380 748 1452; x_wconf 87' lang='lat' dir='ltr'>majoraque,</span> <span class='ocrx_word' id='word_1_119' title='bbox 775 1398 936 1450; x_wconf 88' lang='lat' dir='ltr'>quam</span> <span class='ocrx_word' id='word_1_120' title='bbox 962 1379 1016 1431; x_wconf 90' lang='lat' dir='ltr'>in</span> <span class='ocrx_word' id='word_1_121' title='bbox 1043 1381 1226 1433; x_wconf 88' lang='lat' dir='ltr'>nostrae</span> <span class='ocrx_word' id='word_1_122' title='bbox 1251 1379 1481 1432; x_wconf 86' lang='lat' dir='ltr'>civitatis</span> <span class='ocrx_word' id='word_1_123' title='bbox 1509 1379 1874 1432; x_wconf 86' lang='lat' dir='ltr'>monumentis</span> <span class='ocrx_word' id='word_1_124' title='bbox 1899 1397 1982 1432; x_wconf 90' lang='lat' dir='ltr'>re-</span> 
     </span>
     <span class='ocr_line' id='line_1_16' title="bbox 154 1449 1978 1528; baseline -0.003 -20"><span class='ocrx_word' id='word_1_125' title='bbox 154 1471 229 1528; x_wconf 83' lang='grc' dir='ltr'>3ο</span> <span class='ocrx_word' id='word_1_126' title='bbox 247 1451 536 1523; x_wconf 85' lang='lat' dir='ltr'>perientur.</span> <span class='ocrx_word' id='word_1_127' title='bbox 610 1452 698 1503; x_wconf 90' lang='lat' dir='ltr'>An</span> <span class='ocrx_word' id='word_1_128' title='bbox 739 1450 1126 1515; x_wconf 85' lang='lat' dir='ltr'>fortitudinem,</span> <span class='ocrx_word' id='word_1_129' title='bbox 1160 1451 1440 1523; x_wconf 81' lang='lat' dir='ltr'>justitiam,</span> <span class='ocrx_word' id='word_1_130' title='bbox 1477 1450 1655 1515; x_wconf 88' lang='lat' dir='ltr'>fidem,</span> <span class='ocrx_word' id='word_1_131' title='bbox 1692 1449 1978 1503; x_wconf 88' lang='lat' dir='ltr'>continen-</span> 
     </span>
     <span class='ocr_line' id='line_1_17' title="bbox 247 1520 1980 1594; baseline 0.001 -20"><span class='ocrx_word' id='word_1_132' title='bbox 247 1520 399 1586; x_wconf 84' lang='lat' dir='ltr'>tiam,</span> <span class='ocrx_word' id='word_1_133' title='bbox 426 1521 809 1594; x_wconf 82' lang='lat' dir='ltr'>frugalitatem,</span> <span class='ocrx_word' id='word_1_134' title='bbox 839 1532 1175 1574; x_wconf 88' lang='lat' dir='ltr'>contemtum</span> <span class='ocrx_word' id='word_1_135' title='bbox 1213 1522 1413 1575; x_wconf 88' lang='lat' dir='ltr'>doloris</span> <span class='ocrx_word' id='word_1_136' title='bbox 1451 1540 1512 1574; x_wconf 87' lang='lat' dir='ltr'>ac</span> <span class='ocrx_word' id='word_1_137' title='bbox 1549 1521 1755 1586; x_wconf 82' lang='lat' dir='ltr'>mortiS,</span> <span class='ocrx_word' id='word_1_138' title='bbox 1785 1522 1980 1576; x_wconf 88' lang='lat' dir='ltr'>melius</span> 
     </span>
    </p>

    <p class='ocr_par' dir='ltr' id='par_1_3' title="bbox 159 1592 2015 2358">
     <span class='ocr_line' id='line_1_18' title="bbox 190 1592 1978 1665; baseline 0.001 -20"><span class='ocrx_word' id='word_1_139' title='bbox 190 1606 193 1610; x_wconf 82' lang='lat'>&#39;</span> <span class='ocrx_word' id='word_1_140' title='bbox 248 1593 341 1646; x_wconf 85' lang='lat' dir='ltr'>alii</span> <span class='ocrx_word' id='word_1_141' title='bbox 376 1593 663 1658; x_wconf 87' lang='lat' dir='ltr'>docebunt,</span> <span class='ocrx_word' id='word_1_142' title='bbox 691 1611 853 1663; x_wconf 84' lang='lat' dir='ltr'>quarn</span> <span class='ocrx_word' id='word_1_143' title='bbox 893 1592 1140 1658; x_wconf 85' lang='lat' dir='ltr'>Fabricii,</span> <span class='ocrx_word' id='word_1_144' title='bbox 1179 1594 1350 1660; x_wconf 89' lang='lat' dir='ltr'>Curii,</span> <span class='ocrx_word' id='word_1_145' title='bbox 1388 1593 1606 1665; x_wconf 84' lang='lat' dir='ltr'>Reguli,</span> <span class='ocrx_word' id='word_1_146' title='bbox 1634 1593 1813 1657; x_wconf 87' lang='lat' dir='ltr'>Decii,</span> <span class='ocrx_word' id='word_1_147' title='bbox 1842 1594 1978 1647; x_wconf 91' lang='lat' dir='ltr'>Mu-</span> 
     </span>
     <span class='ocr_line' id='line_1_19' title="bbox 221 1663 1979 1736; baseline 0.001 -20"><span class='ocrx_word' id='word_1_148' title='bbox 221 1664 333 1730; x_wconf 84' lang='lat' dir='ltr'>-tii,</span> <span class='ocrx_word' id='word_1_149' title='bbox 369 1664 563 1736; x_wconf 90' lang='lat' dir='ltr'>aliique</span> <span class='ocrx_word' id='word_1_150' title='bbox 601 1663 1055 1717; x_wconf 84' lang='lat' dir='ltr'>innumerabiles?</span> <span class='ocrx_word' id='word_1_151' title='bbox 1113 1665 1392 1718; x_wconf 79' lang='lat' dir='ltr'>Quantum</span> <span class='ocrx_word' id='word_1_152' title='bbox 1431 1666 1577 1718; x_wconf 86' lang='lat' dir='ltr'>enim</span> <span class='ocrx_word' id='word_1_153' title='bbox 1620 1665 1798 1717; x_wconf 85' lang='lat' dir='ltr'>Graeci</span> <span class='ocrx_word' id='word_1_154' title='bbox 1841 1683 1979 1736; x_wconf 89' lang='lat' dir='ltr'>prae-</span> 
     </span>
     <span class='ocr_line' id='line_1_20' title="bbox 249 1735 1978 1807; baseline 0.001 -19"><span class='ocrx_word' id='word_1_155' title='bbox 249 1737 420 1807; x_wconf 87' lang='lat' dir='ltr'>ceptis</span> <span class='ocrx_word' id='word_1_156' title='bbox 460 1735 656 1800; x_wconf 87' lang='lat' dir='ltr'>valent,</span> <span class='ocrx_word' id='word_1_157' title='bbox 683 1746 892 1787; x_wconf 88' lang='lat' dir='ltr'>tantum</span> <span class='ocrx_word' id='word_1_158' title='bbox 936 1735 1163 1788; x_wconf 86' lang='lat' dir='ltr'>Romani</span> <span class='ocrx_word' id='word_1_159' title='bbox 1204 1736 1410 1807; x_wconf 83' lang='lat' dir='ltr'>(quodu</span> <span class='ocrx_word' id='word_1_160' title='bbox 1446 1738 1518 1789; x_wconf 87' lang='lat' dir='ltr'>est</span> <span class='ocrx_word' id='word_1_161' title='bbox 1555 1735 1750 1807; x_wconf 84' lang='lat' dir='ltr'>majus)</span> <span class='ocrx_word' id='word_1_162' title='bbox 1794 1754 1978 1790; x_wconf 84' lang='lat' dir='ltr'>exem-</span> 
     </span>
     <span class='ocr_line' id='line_1_21' title="bbox 159 1806 1980 1887; baseline 0.002 -29"><span class='ocrx_word' id='word_1_163' title='bbox 159 1806 373 1887; x_wconf 79' lang='lat' dir='ltr'>31pliS.</span> <span class='ocrx_word' id='word_1_164' title='bbox 445 1809 790 1876; x_wconf 83' lang='lat' dir='ltr'>Tantumque</span> <span class='ocrx_word' id='word_1_165' title='bbox 837 1825 945 1858; x_wconf 89' lang='lat' dir='ltr'>non</span> <span class='ocrx_word' id='word_1_166' title='bbox 994 1807 1238 1878; x_wconf 84' lang='lat' dir='ltr'>cognatis</span> <span class='ocrx_word' id='word_1_167' title='bbox 1284 1808 1379 1860; x_wconf 86' lang='lat' dir='ltr'>idv</span> <span class='ocrx_word' id='word_1_168' title='bbox 1427 1826 1457 1859; x_wconf 90' lang='lat' dir='ltr'>e</span> <span class='ocrx_word' id='word_1_169' title='bbox 1499 1807 1659 1860; x_wconf 90' lang='lat' dir='ltr'>rebus</span> <span class='ocrx_word' id='word_1_170' title='bbox 1705 1807 1980 1862; x_wconf 64' lang='lat' dir='ltr'>admoneri</span> 
     </span>
     <span class='ocr_line' id='line_1_22' title="bbox 249 1875 2015 1951; baseline 0.002 -20"><span class='ocrx_word' id='word_1_171' title='bbox 249 1878 399 1942; x_wconf 88' lang='lat' dir='ltr'>sciet,</span> <span class='ocrx_word' id='word_1_172' title='bbox 429 1877 524 1949; x_wconf 88' lang='lat' dir='ltr'>qui</span> <span class='ocrx_word' id='word_1_173' title='bbox 563 1896 668 1928; x_wconf 89' lang='lat' dir='ltr'>non</span> <span class='ocrx_word' id='word_1_174' title='bbox 710 1875 873 1929; x_wconf 90' lang='lat' dir='ltr'>modo</span> <span class='ocrx_word' id='word_1_175' title='bbox 908 1878 1207 1948; x_wconf 88' lang='lat' dir='ltr'>proximum</span> <span class='ocrx_word' id='word_1_176' title='bbox 1247 1887 1482 1950; x_wconf 79' lang='lat' dir='ltr'>tempuS,</span> <span class='ocrx_word' id='word_1_177' title='bbox 1515 1878 1804 1949; x_wconf 88' lang='lat' dir='ltr'>locumque</span> <span class='ocrx_word' id='word_1_178' title='bbox 1844 1898 1980 1951; x_wconf 83' lang='lat' dir='ltr'>prae-</span> <span class='ocrx_word' id='word_1_179' title='bbox 2011 1933 2015 1935; x_wconf 72' lang='grc'><strong>,</strong></span> 
     </span>
     <span class='ocr_line' id='line_1_23' title="bbox 249 1947 1982 2021; baseline 0.001 -18"><span class='ocrx_word' id='word_1_180' title='bbox 249 1950 450 2003; x_wconf 85' lang='lat' dir='ltr'>sentem</span> <span class='ocrx_word' id='word_1_181' title='bbox 477 1948 671 2001; x_wconf 88' lang='lat' dir='ltr'>intueri</span> <span class='ocrx_word' id='word_1_182' title='bbox 698 1947 817 2000; x_wconf 83' lang='lat' dir='ltr'>satis</span> <span class='ocrx_word' id='word_1_183' title='bbox 847 1948 1046 2012; x_wconf 87' lang='lat' dir='ltr'>credat,</span> <span class='ocrx_word' id='word_1_184' title='bbox 1071 1948 1160 2002; x_wconf 90' lang='lat' dir='ltr'>sed</span> <span class='ocrx_word' id='word_1_185' title='bbox 1185 1968 1400 2003; x_wconf 88' lang='lat' dir='ltr'>omnem</span> <span class='ocrx_word' id='word_1_186' title='bbox 1428 1950 1742 2021; x_wconf 84' lang='lat' dir='ltr'>posteritatis</span> <span class='ocrx_word' id='word_1_187' title='bbox 1769 1970 1982 2004; x_wconf 83' lang='lat' dir='ltr'>memo-</span> 
     </span>
     <span class='ocr_line' id='line_1_24' title="bbox 250 2019 1979 2090; baseline 0.001 -17"><span class='ocrx_word' id='word_1_188' title='bbox 250 2019 403 2086; x_wconf 84' lang='lat' dir='ltr'>riam,</span> <span class='ocrx_word' id='word_1_189' title='bbox 428 2019 650 2090; x_wconf 83' lang='lat' dir='ltr'>spatium</span> <span class='ocrx_word' id='word_1_190' title='bbox 697 2020 818 2071; x_wconf 85' lang='lat' dir='ltr'>vitae</span> <span class='ocrx_word' id='word_1_191' title='bbox 846 2021 1112 2085; x_wconf 73' lang='lat' dir='ltr'>honestae,</span> <span class='ocrx_word' id='word_1_192' title='bbox 1141 2031 1197 2073; x_wconf 87' lang='lat' dir='ltr'>et</span> <span class='ocrx_word' id='word_1_193' title='bbox 1232 2022 1556 2074; x_wconf 86' lang='lat' dir='ltr'>curriculum</span> <span class='ocrx_word' id='word_1_194' title='bbox 1595 2021 1768 2074; x_wconf 88' lang='lat' dir='ltr'>laudis</span> <span class='ocrx_word' id='word_1_195' title='bbox 1805 2023 1979 2075; x_wconf 84' lang='lat' dir='ltr'>existi-</span> 
     </span>
     <span class='ocr_line' id='line_1_25' title="bbox 250 2089 1982 2162; baseline 0.002 -19"><span class='ocrx_word' id='word_1_196' title='bbox 250 2101 385 2144; x_wconf 87' lang='lat' dir='ltr'>met.</span> <span class='ocrx_word' id='word_1_197' title='bbox 458 2090 604 2143; x_wconf 89' lang='lat' dir='ltr'>Hinc</span> <span class='ocrx_word' id='word_1_198' title='bbox 631 2090 762 2142; x_wconf 88' lang='lat' dir='ltr'>mihi</span> <span class='ocrx_word' id='word_1_199' title='bbox 792 2089 881 2143; x_wconf 92' lang='lat' dir='ltr'>ille</span> <span class='ocrx_word' id='word_1_200' title='bbox 910 2090 1129 2162; x_wconf 86' lang='lat' dir='ltr'>justitiae</span> <span class='ocrx_word' id='word_1_201' title='bbox 1161 2091 1376 2145; x_wconf 85' lang='lat' dir='ltr'>haustus</span> <span class='ocrx_word' id='word_1_202' title='bbox 1409 2092 1576 2156; x_wconf 87' lang='lat' dir='ltr'>bibat,</span> <span class='ocrx_word' id='word_1_203' title='bbox 1601 2092 1728 2144; x_wconf 88' lang='lat' dir='ltr'>hinc</span> <span class='ocrx_word' id='word_1_204' title='bbox 1753 2093 1982 2152; x_wconf 85' lang='lat' dir='ltr'>sumtam</span> 
     </span>
     <span class='ocr_line' id='line_1_26' title="bbox 250 2161 1985 2236; baseline 0.002 -21"><span class='ocrx_word' id='word_1_205' title='bbox 250 2161 554 2216; x_wconf 86' lang='lat' dir='ltr'>libertatem</span> <span class='ocrx_word' id='word_1_206' title='bbox 589 2161 644 2213; x_wconf 89' lang='lat' dir='ltr'>in</span> <span class='ocrx_word' id='word_1_207' title='bbox 684 2161 864 2214; x_wconf 80' lang='lat' dir='ltr'>caustis</span> <span class='ocrx_word' id='word_1_208' title='bbox 904 2173 1066 2232; x_wconf 86' lang='lat' dir='ltr'>atque</span> <span class='ocrx_word' id='word_1_209' title='bbox 1102 2163 1325 2216; x_wconf 79' lang='lat' dir='ltr'>consiliis</span> <span class='ocrx_word' id='word_1_210' title='bbox 1361 2164 1582 2235; x_wconf 72' lang='lat' dir='ltr'>praestet.</span> <span class='ocrx_word' id='word_1_211' title='bbox 1657 2165 1854 2236; x_wconf 87' lang='lat' dir='ltr'>Neque</span> <span class='ocrx_word' id='word_1_212' title='bbox 1882 2166 1985 2218; x_wconf 90' lang='lat' dir='ltr'>erit</span> 
     </span>
     <span class='ocr_line' id='line_1_27' title="bbox 252 2231 1983 2358; baseline 0.003 -74"><span class='ocrx_word' id='word_1_213' title='bbox 252 2231 521 2358; x_wconf 48' lang='lat' dir='ltr'>{effectus</span> <span class='ocrx_word' id='word_1_214' title='bbox 561 2242 756 2298; x_wconf 88' lang='lat' dir='ltr'>orator,</span> <span class='ocrx_word' id='word_1_215' title='bbox 784 2233 876 2286; x_wconf 87' lang='lat' dir='ltr'>nifi</span> <span class='ocrx_word' id='word_1_216' title='bbox 917 2233 1009 2306; x_wconf 91' lang='lat' dir='ltr'>qui</span> <span class='ocrx_word' id='word_1_217' title='bbox 1051 2233 1265 2288; x_wconf 87' lang='lat' dir='ltr'>honeste</span> <span class='ocrx_word' id='word_1_218' title='bbox 1302 2234 1481 2288; x_wconf 83' lang='lat' dir='ltr'>dicere</span> <span class='ocrx_word' id='word_1_219' title='bbox 1520 2245 1576 2288; x_wconf 92' lang='lat' dir='ltr'>et</span> <span class='ocrx_word' id='word_1_220' title='bbox 1610 2235 1758 2302; x_wconf 89' lang='lat' dir='ltr'>sciet,</span> <span class='ocrx_word' id='word_1_221' title='bbox 1792 2246 1849 2289; x_wconf 91' lang='lat' dir='ltr'>et</span> <span class='ocrx_word' id='word_1_222' title='bbox 1884 2255 1983 2290; x_wconf 86' lang='lat' dir='ltr'>au-</span> 
     </span>
    </p>

    <p class='ocr_par' dir='ltr' id='par_1_4' title="bbox 294 2314 428 2357">
     <span class='ocr_line' id='line_1_28' title="bbox 294 2314 428 2357; baseline -0.022 0"><span class='ocrx_word' id='word_1_223' title='bbox 294 2322 323 2357; x_wconf 83' lang='lat' dir='ltr'>e</span> <span class='ocrx_word' id='word_1_224' title='bbox 366 2314 428 2356; x_wconf 81' lang='lat' dir='ltr'>it.</span> 
     </span>
    </p>

    <p class='ocr_par' dir='ltr' id='par_1_5' title="bbox 254 2372 1988 2807">
     <span class='ocr_line' id='line_1_29' title="bbox 328 2372 1984 2448; baseline 0.004 -22"><span class='ocrx_word' id='word_1_225' title='bbox 328 2375 436 2427; x_wconf 90' lang='grc' dir='ltr'><strong>ΙΙΙ.</strong></span> <span class='ocrx_word' id='word_1_226' title='bbox 471 2372 613 2426; x_wconf 82' lang='lat' dir='ltr'>Juris</span> <span class='ocrx_word' id='word_1_227' title='bbox 637 2391 852 2444; x_wconf 92' lang='lat' dir='ltr'>quoque</span> <span class='ocrx_word' id='word_1_228' title='bbox 875 2375 1041 2428; x_wconf 82' lang='lat' dir='ltr'>civilis</span> <span class='ocrx_word' id='word_1_229' title='bbox 1066 2376 1344 2430; x_wconf 75' lang='lat' dir='ltr'>necessaria</span> <span class='ocrx_word' id='word_1_230' title='bbox 1367 2374 1499 2443; x_wconf 89' lang='lat' dir='ltr'>huic</span> <span class='ocrx_word' id='word_1_231' title='bbox 1524 2374 1637 2429; x_wconf 89' lang='lat' dir='ltr'>viro</span> <span class='ocrx_word' id='word_1_232' title='bbox 1650 2377 1866 2448; x_wconf 84' lang='lat' dir='ltr'>scientia</span> <span class='ocrx_word' id='word_1_233' title='bbox 1891 2380 1984 2446; x_wconf 89' lang='lat' dir='ltr'>est,</span> 
     </span>
     <span class='ocr_line' id='line_1_30' title="bbox 255 2445 1985 2524; baseline 0.004 -26"><span class='ocrx_word' id='word_1_234' title='bbox 255 2455 313 2498; x_wconf 87' lang='lat' dir='ltr'>et</span> <span class='ocrx_word' id='word_1_235' title='bbox 346 2463 556 2498; x_wconf 89' lang='lat' dir='ltr'>morum</span> <span class='ocrx_word' id='word_1_236' title='bbox 591 2462 651 2497; x_wconf 87' lang='lat' dir='ltr'>ac</span> <span class='ocrx_word' id='word_1_237' title='bbox 691 2445 1011 2524; x_wconf 82' lang='lat' dir='ltr'>religionum</span> <span class='ocrx_word' id='word_1_238' title='bbox 1049 2447 1165 2519; x_wconf 86' lang='lat' dir='ltr'>ejus</span> <span class='ocrx_word' id='word_1_239' title='bbox 1200 2447 1527 2519; x_wconf 87' lang='lat' dir='ltr'>reipublicae,</span> <span class='ocrx_word' id='word_1_240' title='bbox 1553 2466 1713 2518; x_wconf 88' lang='lat' dir='ltr'>quam</span> <span class='ocrx_word' id='word_1_241' title='bbox 1741 2451 1985 2521; x_wconf 84' lang='lat' dir='ltr'>capeffet.</span> 
     </span>
     <span class='ocr_line' id='line_1_31' title="bbox 255 2515 1984 2594; baseline 0.003 -25"><span class='ocrx_word' id='word_1_242' title='bbox 255 2517 399 2570; x_wconf 85' lang='lat' dir='ltr'>Nam</span> <span class='ocrx_word' id='word_1_243' title='bbox 430 2515 602 2587; x_wconf 87' lang='lat' dir='ltr'>qualis</span> <span class='ocrx_word' id='word_1_244' title='bbox 639 2516 739 2568; x_wconf 85' lang='lat' dir='ltr'>effe</span> <span class='ocrx_word' id='word_1_245' title='bbox 775 2516 944 2570; x_wconf 80' lang='lat' dir='ltr'>luasor</span> <span class='ocrx_word' id='word_1_246' title='bbox 978 2517 1035 2571; x_wconf 88' lang='lat' dir='ltr'>in</span> <span class='ocrx_word' id='word_1_247' title='bbox 1067 2519 1293 2571; x_wconf 88' lang='lat' dir='ltr'>confiliis</span> <span class='ocrx_word' id='word_1_248' title='bbox 1323 2519 1553 2590; x_wconf 80' lang='lat' dir='ltr'>publicis</span> <span class='ocrx_word' id='word_1_249' title='bbox 1584 2519 1858 2589; x_wconf 86' lang='lat' dir='ltr'>privatisve</span> <span class='ocrx_word' id='word_1_250' title='bbox 1883 2539 1984 2594; x_wconf 89' lang='lat' dir='ltr'>po-</span> 
     </span>
     <span class='ocr_line' id='line_1_32' title="bbox 254 2587 1984 2664; baseline 0 -24"><span class='ocrx_word' id='word_1_251' title='bbox 254 2587 402 2652; x_wconf 87' lang='lat' dir='ltr'>terit,</span> <span class='ocrx_word' id='word_1_252' title='bbox 429 2596 513 2639; x_wconf 90' lang='lat' dir='ltr'>tot</span> <span class='ocrx_word' id='word_1_253' title='bbox 536 2605 731 2651; x_wconf 86' lang='lat' dir='ltr'>rerum,</span> <span class='ocrx_word' id='word_1_254' title='bbox 757 2589 953 2658; x_wconf 89' lang='lat' dir='ltr'>quibus</span> <span class='ocrx_word' id='word_1_255' title='bbox 977 2589 1241 2661; x_wconf 74' lang='lat' dir='ltr'>praecipue</span> <span class='ocrx_word' id='word_1_256' title='bbox 1264 2589 1451 2643; x_wconf 87' lang='lat' dir='ltr'>civitas</span> <span class='ocrx_word' id='word_1_257' title='bbox 1466 2589 1798 2656; x_wconf 84' lang='lat' dir='ltr'>continetur,</span> <span class='ocrx_word' id='word_1_258' title='bbox 1827 2592 1984 2664; x_wconf 78' lang='lat' dir='ltr'>igna-</span> 
     </span>
     <span class='ocr_line' id='line_1_33' title="bbox 255 2658 1988 2731; baseline 0.005 -21"><span class='ocrx_word' id='word_1_259' title='bbox 255 2659 390 2721; x_wconf 81' lang='lat' dir='ltr'>rus?</span> <span class='ocrx_word' id='word_1_260' title='bbox 435 2658 563 2712; x_wconf 79' lang='lat' dir='ltr'>Quo</span> <span class='ocrx_word' id='word_1_261' title='bbox 602 2668 782 2711; x_wconf 89' lang='lat' dir='ltr'>autem</span> <span class='ocrx_word' id='word_1_262' title='bbox 819 2658 981 2712; x_wconf 91' lang='lat' dir='ltr'>modo</span> <span class='ocrx_word' id='word_1_263' title='bbox 1015 2670 1293 2731; x_wconf 89' lang='lat' dir='ltr'>patronum</span> <span class='ocrx_word' id='word_1_264' title='bbox 1332 2662 1384 2714; x_wconf 91' lang='lat' dir='ltr'>se</span> <span class='ocrx_word' id='word_1_265' title='bbox 1411 2661 1698 2714; x_wconf 85' lang='lat' dir='ltr'>cauffarum</span> <span class='ocrx_word' id='word_1_266' title='bbox 1725 2681 1832 2714; x_wconf 88' lang='lat' dir='ltr'>non</span> <span class='ocrx_word' id='word_1_267' title='bbox 1860 2663 1988 2718; x_wconf 86' lang='lat' dir='ltr'>falso</span> 
     </span>
     <span class='ocr_line' id='line_1_34' title="bbox 256 2727 1986 2807; baseline 0.005 -25"><span class='ocrx_word' id='word_1_268' title='bbox 256 2727 469 2796; x_wconf 82' lang='lat' dir='ltr'>dixerit,</span> <span class='ocrx_word' id='word_1_269' title='bbox 499 2728 611 2800; x_wconf 88' lang='lat' dir='ltr'>qui,</span> <span class='ocrx_word' id='word_1_270' title='bbox 639 2728 786 2801; x_wconf 91' lang='lat' dir='ltr'>quod</span> <span class='ocrx_word' id='word_1_271' title='bbox 821 2731 895 2784; x_wconf 90' lang='lat' dir='ltr'>est</span> <span class='ocrx_word' id='word_1_272' title='bbox 928 2730 986 2784; x_wconf 89' lang='lat' dir='ltr'>in</span> <span class='ocrx_word' id='word_1_273' title='bbox 1023 2732 1208 2786; x_wconf 84' lang='lat' dir='ltr'>cauflis</span> <span class='ocrx_word' id='word_1_274' title='bbox 1242 2732 1682 2805; x_wconf 86' lang='lat' dir='ltr'>potentiffimum,</span> <span class='ocrx_word' id='word_1_275' title='bbox 1710 2733 1770 2787; x_wconf 89' lang='lat' dir='ltr'>fit</span> <span class='ocrx_word' id='word_1_276' title='bbox 1805 2735 1872 2807; x_wconf 79' lang='lat' dir='ltr'>ab</span> <span class='ocrx_word' id='word_1_277' title='bbox 1903 2735 1986 2789; x_wconf 82' lang='lat' dir='ltr'>al-</span> 
     </span>
    </p>
   </div>
   <div class='ocr_carea' id='block_1_3' title="bbox 261 2914 1991 3078">
    <p class='ocr_par' dir='ltr' id='par_1_6' title="bbox 261 2914 1991 3078">
     <span class='ocr_line' id='line_1_35' title="bbox 311 2914 1989 2970; baseline 0.003 -17"><span class='ocrx_word' id='word_1_278' title='bbox 311 2921 330 2943; x_wconf 64' lang='grc' dir='ltr'>Υ</span> <span class='ocrx_word' id='word_1_279' title='bbox 358 2914 652 2966; x_wconf 79' lang='lat' dir='ltr'>pulcherrimus</span> <span class='ocrx_word' id='word_1_280' title='bbox 670 2914 776 2953; x_wconf 84' lang='lat' dir='ltr'>Jens.</span> <span class='ocrx_word' id='word_1_281' title='bbox 886 2921 902 2940; x_wconf 81' lang='lat'><strong>⁸</strong></span> <span class='ocrx_word' id='word_1_282' title='bbox 932 2927 1024 2954; x_wconf 84' lang='lat' dir='ltr'>vero</span> <span class='ocrx_word' id='word_1_283' title='bbox 1045 2914 1097 2956; x_wconf 80' lang='lat' dir='ltr'>id.</span> <span class='ocrx_word' id='word_1_284' title='bbox 1207 2916 1223 2940; x_wconf 50' lang='grc' dir='ltr'><strong>θ</strong></span> <span class='ocrx_word' id='word_1_285' title='bbox 1253 2917 1483 2957; x_wconf 85' lang='lat' dir='ltr'>existiment</span> <span class='ocrx_word' id='word_1_286' title='bbox 1502 2916 1568 2970; x_wconf 69' lang='lat' dir='ltr'>ins:</span> <span class='ocrx_word' id='word_1_287' title='bbox 1589 2917 1710 2967; x_wconf 79' lang='lat' dir='ltr'>Lugd.</span> <span class='ocrx_word' id='word_1_288' title='bbox 1735 2918 1854 2967; x_wconf 79' lang='lat'>1528,</span> <span class='ocrx_word' id='word_1_289' title='bbox 1875 2919 1916 2967; x_wconf 92' lang='lat'>8,</span> <span class='ocrx_word' id='word_1_290' title='bbox 1940 2932 1989 2958; x_wconf 66' lang='lat' dir='ltr'>ex</span> 
     </span>
     <span class='ocr_line' id='line_1_36' title="bbox 261 2968 1991 3078; baseline 0.006 -19"><span class='ocrx_word' id='word_1_291' title='bbox 261 2968 776 3074; x_wconf 64' lang='lat' dir='ltr'><em>“ssffs</em></span> <span class='ocrx_word' id='word_1_292' title='bbox 933 2968 1329 3065; x_wconf 43' lang='lat' dir='ltr'>petae-,hta</span> <span class='ocrx_word' id='word_1_293' title='bbox 1357 2970 1991 3078; x_wconf 36' lang='lat' dir='ltr'>initiarentur&amp;</span> 
     </span>
    </p>
   </div>
   <div class='ocr_carea' id='block_1_4' title="bbox 263 3075 1533 3129">
    <p class='ocr_par' dir='ltr' id='par_1_7' title="bbox 263 3075 1533 3129">
     <span class='ocr_line' id='line_1_37' title="bbox 263 3075 1533 3129; baseline 0.002 -14"><span class='ocrx_word' id='word_1_294' title='bbox 263 3087 348 3116; x_wconf 81' lang='lat' dir='ltr'>non</span> <span class='ocrx_word' id='word_1_295' title='bbox 368 3077 548 3128; x_wconf 86' lang='lat' dir='ltr'>cognatis</span> <span class='ocrx_word' id='word_1_296' title='bbox 569 3075 756 3115; x_wconf 81' lang='lat' dir='ltr'>sideribus</span> <span class='ocrx_word' id='word_1_297' title='bbox 775 3075 999 3125; x_wconf 80' lang='lat' dir='ltr'>admoneri,</span> <span class='ocrx_word' id='word_1_298' title='bbox 1020 3078 1119 3129; x_wconf 71' lang='lat' dir='ltr'>quin</span> <span class='ocrx_word' id='word_1_299' title='bbox 1139 3090 1223 3117; x_wconf 86' lang='lat' dir='ltr'>non</span> <span class='ocrx_word' id='word_1_300' title='bbox 1246 3079 1337 3119; x_wconf 82' lang='lat' dir='ltr'>obr.</span> <span class='ocrx_word' id='word_1_301' title='bbox 1356 3079 1440 3118; x_wconf 80' lang='lat' dir='ltr'>vid.</span> <span class='ocrx_word' id='word_1_302' title='bbox 1458 3087 1533 3118; x_wconf 85' lang='lat' dir='ltr'>not.</span> 
     </span>
    </p>
   </div>
   <div class='ocr_carea' id='block_1_5' title="bbox 264 3220 1992 3515">
    <p class='ocr_par' dir='ltr' id='par_1_8' title="bbox 264 3220 1992 3515">
     <span class='ocr_line' id='line_1_38' title="bbox 325 3220 1991 3281; baseline 0.001 -16"><span class='ocrx_word' id='word_1_303' title='bbox 325 3237 397 3277; x_wconf 82' lang='lat'>31.</span> <span class='ocrx_word' id='word_1_304' title='bbox 420 3220 675 3281; x_wconf 84' lang='lat' dir='ltr'>‘Tantumque</span> <span class='ocrx_word' id='word_1_305' title='bbox 691 3223 789 3277; x_wconf 87' lang='lat' dir='ltr'>non]</span> <span class='ocrx_word' id='word_1_306' title='bbox 812 3222 1086 3268; x_wconf 84' lang='lat' dir='ltr'>Locusfinon</span> <span class='ocrx_word' id='word_1_307' title='bbox 1167 3239 1261 3267; x_wconf 88' lang='lat' dir='ltr'>rum</span> <span class='ocrx_word' id='word_1_308' title='bbox 1281 3224 1384 3268; x_wconf 88' lang='lat' dir='ltr'>idem</span> <span class='ocrx_word' id='word_1_309' title='bbox 1404 3225 1435 3270; x_wconf 86' lang='lat' dir='ltr'>s.</span> <span class='ocrx_word' id='word_1_310' title='bbox 1458 3226 1510 3269; x_wconf 88' lang='lat' dir='ltr'>ad</span> <span class='ocrx_word' id='word_1_311' title='bbox 1538 3226 1705 3268; x_wconf 86' lang='lat' dir='ltr'>eandem</span> <span class='ocrx_word' id='word_1_312' title='bbox 1736 3240 1822 3268; x_wconf 87' lang='lat' dir='ltr'>rem</span> <span class='ocrx_word' id='word_1_313' title='bbox 1850 3229 1991 3272; x_wconf 69' lang='lat' dir='ltr'>admo-</span> 
     </span>
     <span class='ocr_line' id='line_1_39' title="bbox 264 3281 1991 3342; baseline 0.003 -18"><span class='ocrx_word' id='word_1_314' title='bbox 264 3292 482 3339; x_wconf 85' lang='lat' dir='ltr'>corruptus</span> <span class='ocrx_word' id='word_1_315' title='bbox 534 3281 668 3339; x_wconf 86' lang='lat' dir='ltr'>plane,</span> <span class='ocrx_word' id='word_1_316' title='bbox 706 3292 814 3324; x_wconf 85' lang='lat' dir='ltr'>certe</span> <span class='ocrx_word' id='word_1_317' title='bbox 855 3282 1084 3336; x_wconf 75' lang='lat' dir='ltr'>obscuru83</span> <span class='ocrx_word' id='word_1_318' title='bbox 1167 3282 1259 3325; x_wconf 81' lang='lat' dir='ltr'>neri</span> <span class='ocrx_word' id='word_1_319' title='bbox 1290 3283 1327 3325; x_wconf 89' lang='lat' dir='ltr'>se</span> <span class='ocrx_word' id='word_1_320' title='bbox 1358 3293 1397 3326; x_wconf 89' lang='lat' dir='ltr'>et</span> <span class='ocrx_word' id='word_1_321' title='bbox 1431 3284 1488 3326; x_wconf 88' lang='lat' dir='ltr'>im</span> <span class='ocrx_word' id='word_1_322' title='bbox 1522 3284 1590 3328; x_wconf 86' lang='lat' dir='ltr'>elli</span> <span class='ocrx_word' id='word_1_323' title='bbox 1609 3284 1713 3342; x_wconf 79' lang='lat' dir='ltr'>sciet</span> <span class='ocrx_word' id='word_1_324' title='bbox 1744 3295 1869 3341; x_wconf 81' lang='lat' dir='ltr'>atque</span> <span class='ocrx_word' id='word_1_325' title='bbox 1904 3286 1991 3329; x_wconf 84' lang='lat' dir='ltr'>sen-</span> 
     </span>
     <span class='ocr_line' id='line_1_40' title="bbox 266 3338 1992 3401; baseline 0.002 -21"><span class='ocrx_word' id='word_1_326' title='bbox 266 3353 389 3397; x_wconf 89' lang='lat' dir='ltr'>quem</span> <span class='ocrx_word' id='word_1_327' title='bbox 411 3338 437 3382; x_wconf 75' lang='lat' dir='ltr'>si</span> <span class='ocrx_word' id='word_1_328' title='bbox 457 3338 568 3395; x_wconf 86' lang='lat' dir='ltr'>legas</span> <span class='ocrx_word' id='word_1_329' title='bbox 588 3348 637 3381; x_wconf 92' lang='lat' dir='ltr'>ut</span> <span class='ocrx_word' id='word_1_330' title='bbox 657 3339 814 3382; x_wconf 86' lang='lat' dir='ltr'>Gothae</span> <span class='ocrx_word' id='word_1_331' title='bbox 832 3340 901 3390; x_wconf 85' lang='lat' dir='ltr'>est,</span> <span class='ocrx_word' id='word_1_332' title='bbox 921 3339 971 3382; x_wconf 84' lang='lat' dir='ltr'>fic</span> <span class='ocrx_word' id='word_1_333' title='bbox 1002 3338 1087 3382; x_wconf 88' lang='lat' dir='ltr'>for-</span> <span class='ocrx_word' id='word_1_334' title='bbox 1169 3342 1260 3389; x_wconf 70' lang='lat' dir='ltr'>fiet,</span> <span class='ocrx_word' id='word_1_335' title='bbox 1280 3341 1364 3398; x_wconf 81' lang='lat' dir='ltr'>qui,</span> <span class='ocrx_word' id='word_1_336' title='bbox 1383 3341 1446 3383; x_wconf 88' lang='lat' dir='ltr'>vel</span> <span class='ocrx_word' id='word_1_337' title='bbox 1492 3359 1502 3384; x_wconf 83' lang='lat'>1</span> <span class='ocrx_word' id='word_1_338' title='bbox 1531 3345 1643 3399; x_wconf 78' lang='lat' dir='ltr'>quiS,</span> <span class='ocrx_word' id='word_1_339' title='bbox 1665 3357 1741 3384; x_wconf 86' lang='lat' dir='ltr'>non</span> <span class='ocrx_word' id='word_1_340' title='bbox 1760 3344 1870 3385; x_wconf 86' lang='lat' dir='ltr'>modo</span> <span class='ocrx_word' id='word_1_341' title='bbox 1891 3352 1992 3401; x_wconf 84' lang='lat' dir='ltr'>pro..</span> 
     </span>
     <span class='ocr_line' id='line_1_41' title="bbox 266 3396 1992 3459; baseline 0.003 -20"><span class='ocrx_word' id='word_1_342' title='bbox 266 3406 308 3439; x_wconf 89' lang='lat' dir='ltr'>te</span> <span class='ocrx_word' id='word_1_343' title='bbox 337 3396 612 3454; x_wconf 84' lang='lat' dir='ltr'>interpreteris</span> <span class='ocrx_word' id='word_1_344' title='bbox 642 3396 753 3439; x_wconf 79' lang='lat' dir='ltr'>haud</span> <span class='ocrx_word' id='word_1_345' title='bbox 782 3397 902 3440; x_wconf 86' lang='lat' dir='ltr'>male.</span> <span class='ocrx_word' id='word_1_346' title='bbox 953 3399 1087 3440; x_wconf 84' lang='lat' dir='ltr'>Futu-</span> <span class='ocrx_word' id='word_1_347' title='bbox 1168 3397 1326 3442; x_wconf 84' lang='lat' dir='ltr'>ximum</span> <span class='ocrx_word' id='word_1_348' title='bbox 1346 3400 1427 3442; x_wconf 70' lang='grc' dir='ltr'>διε.</span> <span class='ocrx_word' id='word_1_349' title='bbox 1456 3400 1563 3442; x_wconf 91' lang='lat' dir='ltr'>Cum</span> <span class='ocrx_word' id='word_1_350' title='bbox 1585 3401 1692 3442; x_wconf 82' lang='lat' dir='ltr'>enim</span> <span class='ocrx_word' id='word_1_351' title='bbox 1715 3401 1849 3443; x_wconf 85' lang='lat' dir='ltr'>videat</span> <span class='ocrx_word' id='word_1_352' title='bbox 1873 3401 1992 3459; x_wconf 87' lang='lat' dir='ltr'>supe-</span> 
     </span>
     <span class='ocr_line' id='line_1_42' title="bbox 267 3454 1992 3515; baseline 0.003 -18"><span class='ocrx_word' id='word_1_353' title='bbox 267 3469 358 3503; x_wconf 85' lang='lat' dir='ltr'>rus,</span> <span class='ocrx_word' id='word_1_354' title='bbox 376 3469 498 3511; x_wconf 81' lang='lat' dir='ltr'>quem</span> <span class='ocrx_word' id='word_1_355' title='bbox 522 3454 589 3496; x_wconf 85' lang='lat' dir='ltr'>hic</span> <span class='ocrx_word' id='word_1_356' title='bbox 609 3454 822 3511; x_wconf 85' lang='lat' dir='ltr'>fingimus,</span> <span class='ocrx_word' id='word_1_357' title='bbox 842 3463 980 3498; x_wconf 82' lang='lat' dir='ltr'>orator</span> <span class='ocrx_word' id='word_1_358' title='bbox 998 3455 1088 3498; x_wconf 91' lang='lat' dir='ltr'>Ro-</span> <span class='ocrx_word' id='word_1_359' title='bbox 1171 3457 1328 3499; x_wconf 85' lang='lat' dir='ltr'>riorum</span> <span class='ocrx_word' id='word_1_360' title='bbox 1364 3457 1552 3515; x_wconf 81' lang='lat' dir='ltr'>superesse</span> <span class='ocrx_word' id='word_1_361' title='bbox 1584 3459 1840 3509; x_wconf 84' lang='lat' dir='ltr'>memoriam,</span> <span class='ocrx_word' id='word_1_362' title='bbox 1881 3461 1992 3505; x_wconf 73' lang='lat' dir='ltr'>idem</span> 
     </span>
    </p>
   </div>
   <div class='ocr_carea' id='block_1_6' title="bbox 268 3511 1993 3629">
    <p class='ocr_par' dir='ltr' id='par_1_9' title="bbox 268 3511 1993 3629">
     <span class='ocr_line' id='line_1_43' title="bbox 269 3511 1993 3570; baseline 0.005 -15"><span class='ocrx_word' id='word_1_363' title='bbox 269 3526 417 3555; x_wconf 84' lang='lat' dir='ltr'>manus</span> <span class='ocrx_word' id='word_1_364' title='bbox 455 3519 616 3554; x_wconf 84' lang='lat' dir='ltr'>tantum</span> <span class='ocrx_word' id='word_1_365' title='bbox 650 3527 727 3554; x_wconf 88' lang='lat' dir='ltr'>non</span> <span class='ocrx_word' id='word_1_366' title='bbox 765 3512 831 3568; x_wconf 89' lang='lat' dir='ltr'>(h.</span> <span class='ocrx_word' id='word_1_367' title='bbox 865 3527 903 3555; x_wconf 88' lang='lat' dir='ltr'>e.</span> <span class='ocrx_word' id='word_1_368' title='bbox 939 3514 1087 3570; x_wconf 89' lang='lat' dir='ltr'>prope)</span> <span class='ocrx_word' id='word_1_369' title='bbox 1171 3513 1243 3555; x_wconf 82' lang='lat' dir='ltr'>fibi</span> <span class='ocrx_word' id='word_1_370' title='bbox 1274 3524 1315 3557; x_wconf 84' lang='lat' dir='ltr'>et</span> <span class='ocrx_word' id='word_1_371' title='bbox 1344 3511 1426 3559; x_wconf 83' lang='lat' dir='ltr'>suis</span> <span class='ocrx_word' id='word_1_372' title='bbox 1457 3517 1580 3560; x_wconf 74' lang='lat' dir='ltr'>rebus</span> <span class='ocrx_word' id='word_1_373' title='bbox 1610 3525 1852 3560; x_wconf 86' lang='lat' dir='ltr'>eventurum</span> <span class='ocrx_word' id='word_1_374' title='bbox 1871 3519 1993 3565; x_wconf 82' lang='lat' dir='ltr'>intel·</span> 
     </span>
     <span class='ocr_line' id='line_1_44' title="bbox 268 3568 1285 3629; baseline 0.001 -15"><span class='ocrx_word' id='word_1_375' title='bbox 268 3569 450 3627; x_wconf 68' lang='lat' dir='ltr'>cognatis</span> <span class='ocrx_word' id='word_1_376' title='bbox 477 3568 596 3614; x_wconf 85' lang='lat' dir='ltr'>rebus</span> <span class='ocrx_word' id='word_1_377' title='bbox 624 3571 745 3628; x_wconf 82' lang='lat' dir='ltr'>gestis</span> <span class='ocrx_word' id='word_1_378' title='bbox 776 3571 975 3628; x_wconf 79' lang='lat' dir='ltr'>majomm</span> <span class='ocrx_word' id='word_1_379' title='bbox 998 3570 1089 3614; x_wconf 89' lang='lat' dir='ltr'>suo·</span> <span class='ocrx_word' id='word_1_380' title='bbox 1172 3571 1285 3629; x_wconf 81' lang='lat' dir='ltr'>ligit.</span> 
     </span>
    </p>
   </div>
  </div>
 </body>
</html>
