2320 4030
362 323 459 375 226
767 321 843 372 M.
879 321 1084 371 FABII
1122 319 1700 375 QUINCTILIANI

362 466 545 512 menta
572 456 909 524 feminarum,
935 457 1303 512 deformentur
1323 468 1343 490 ⁸
1377 457 1495 524 viri,
1523 478 1622 512 nec
1645 457 1859 513 habitus
1894 451 2095 517 trium:

362 530 556 604 phalis,
584 548 693 601 quo
730 529 867 583 nihil
903 529 1194 600 excogitari
1230 531 1395 599 potest
1427 529 1718 601 augustiuS,
1744 529 1967 585 feminas
1989 534 2087 587 de-

366 609 504 655 ceat.
578 603 746 655 Hunc
781 600 962 654 locum
1007 601 1200 654 Cicero
1242 602 1472 654 breviter
1512 604 1565 654 in
1604 601 1761 654 tertio
1793 601 1860 656 de
1884 610 2148 670 oratore4

365 673 504 732 libro
545 672 879 744 perstringit:
928 690 1105 744 neque
1143 670 1359 724 tamenf
1397 672 1558 725 videri
1598 674 1763 742 potest
1797 672 2094 746 quidquam

370 744 608 811 omififl‘e,
641 741 886 823 dicendo,
923 763 1019 796 non
1052 742 1181 795 omni
1215 743 1412 825 caiffflee,
1454 764 1538 795 nec
1579 743 1812 808 auditori,
1855 763 1943 799 nec
1970 756 2090 816 per-

270 844 274 848 -
352 818 520 888 sonae,
544 835 630 868 nec
655 816 854 885 tempora
877 815 1138 885 cungruere
1160 823 1395 866 orationis
1419 835 1571 867 unum
1589 835 1770 887 genus.
1838 814 2094 870 Nec‘fere

364 886 610 958 pluribus
651 885 708 937 in
751 886 974 939 Oratore
1018 883 1223 936 eadem.
1301 884 1404 936 Sed
1446 884 1558 939 illic
1599 888 1663 939 L.
1705 885 1933 952 Crassus,
1968 905 2095 941 cum

371 957 517 1028 apud
559 957 791 1009 summos
838 963 1092 1021 oratoreS,
1130 953 1478 1026 hominesque
1516 955 1884 1010 eruditiffimos
1930 956 2094 1024 dicat,

370 1028 493 1081 satis
530 1028 713 1090 habet,
749 1035 952 1098 partem
987 1026 1125 1078 hanc
1161 1025 1307 1078 velut
1337 1036 1521 1080 notare
1558 1027 1696 1080 inter
1727 1027 2094 1099 agnoscenteS.

373 1101 447 1152 Et
472 1099 560 1151 hic
582 1097 778 1166 ‘Cicero
803 1096 908 1150 allo
948 1115 1078 1153 uens
1104 1097 1330 1149 Brutum
1358 1098 1571 1151 testatur
1594 1098 1694 1151 effe
1716 1097 1836 1153 haec
1860 1099 1910 1153 ei
1947 1106 2093 1166 nota,
2115 1106 2150 1167 5

371 1161 617 1241 ideoque¹
635 1165 846 1224 brevius
871 1117 979 1220 acie
1002 1167 1129 1233 dici,
1156 1186 1477 1238 quamquam
1507 1169 1567 1222 fit
1588 1169 1730 1227 fusus
1756 1168 1927 1235 locus,
1954 1167 2095 1225 trac-

374 1251 626 1312 teturque
649 1259 680 1293 a
703 1238 1029 1314 philosophis
1054 1238 1235 1292 latius,
1306 1239 1426 1292 Nos
1451 1240 1834 1305 institutionem
1870 1239 2096 1314 profeffi,

373 1330 482 1365 non
508 1311 677 1365 solum
703 1309 986 1366 scientibus
1012 1309 1121 1376 ista,
1146 1309 1237 1367 sed
1267 1309 1426 1363 etiam
1454 1311 1777 1379 discentibus
1800 1311 2058 1382 tradimus
2080 1333 2097 1366 t
2132 1368 2134 1370 ,

373 1383 603 1454 ideoque
664 1381 840 1454 paullo
875 1380 1130 1452 'pluribus
1188 1381 1362 1434 verbis
1422 1380 1621 1435 debetg
1679 1383 1863 1436 haberi
1925 1384 2096 1444 venia.
2133 1386 2136 1390 “

371 1457 559 1515 Quare
594 1465 784 1506 notum
826 1453 886 1506 fit
922 1452 1075 1507 nobis
1111 1462 1234 1506 ante
1266 1452 1468 1518 omnia,
1494 1452 1625 1524 quid
1663 1453 1982 1521 conciliando,
2009 1456 2096 1509 do·
2120 1452 2155 1506 6

375 1526 540 1592 cendv,
568 1525 799 1582 movendo
824 1523 1000 1597 judici
1034 1523 1349 1577 conveniat:
1389 1524 1518 1595 quid
1555 1543 1764 1596 quaque
1798 1536 1945 1596 parte
1979 1544 2099 1581 ona-

375 1597 539 1650 tionis
590 1600 857 1667 petamus.
931 1596 1016 1647 Ita
1061 1613 1236 1666 neque
1280 1605 1474 1662 vetera,
1518 1598 1657 1650 auth
1707 1589 1965 1665 transsata,⁴
2000 1598 2102 1668 'a'ut

376 1668 500 1722 ficta
524 1667 683 1724 verba
707 1666 793 1719 in¹
831 1666 1103 1740 incipiendo
1121 1667 1155 1733 ¹,
1180 1668 1452 1732 narrando,
1481 1669 1870 1750 argumentando
1904 1668 2101 1737 tracta·

375 1739 576 1803 bimus,
595 1741 779 1809 'neque
803 1736 1141 1808 decurrentes
1164 1747 1198 1771 ¹²²
1231 1747 1485 1792 contexto
1508 1751 1680 1792 nitore
1704 1739 1978 1806 circuituS‚
2005 1740 2103 1794 ubi

376 1809 666 1878 dividenda
697 1809 798 1868 erit
831 1808 1018 1878 caussa,
1044 1819 1100 1873 et
1123 1808 1179 1861 in
1205 1820 1376 1880 partes
1400 1809 1513 1864 suas
1549 1809 1839 1883 digerenda
1856 1820 1899 1876 ¹¹,
1926 1831 2104 1884 neque

376 1880 586 1934 humile
625 1890 677 1933 at
717 1899 785 1938 ue
823 1878 1197 1952 quotidianum
1231 1880 1486 1934 sermonis
1522 1900 1715 1953 genus»,
1750 1891 1807 1935 et
1841 1884 2103 1955 composi-

373 1952 524 2005 tione
548 1952 654 2023 ipsa
725 1951 1014 2015 iffolutum‚
1040 1951 1269 2024 epilogis
1304 1952 1570 2019 dabimus,
1595 1972 1694 2006 nec
1719 1952 1862 2024 jocis
1886 1961 1906 1980 ⁰
1942 1953 2101 2024 lacri-

374 2042 508 2090 maS,
538 2024 634 2076 ubi
657 2041 792 2095 opus
815 2022 915 2075 erit
938 2023 1291 2088 miseratione,
1317 2023 1646 2088 ficcabimuS.
1718 2026 1860 2095 Nam
1887 2036 2103 2090 ornatus
2126 2036 2154 2094 7

376 2094 553 2151 omnis
587 2113 697 2148 non
733 2104 845 2150 tam
879 2092 987 2160 sua,
1014 2113 1176 2167 quam
1214 2094 1309 2159 rei,
1335 2093 1424 2148 cui
1461 2088 1768 2162 adhibetur,
1787 2095 2105 2165 *conditione

376 2167 610 2219 constat:
651 2183 751 2221 nec
777 2165 895 2237 plus
920 2165 1099 2232 refert,
1123 2165 1254 2237 quid
1279 2166 1445 2232 dicae,
1470 2184 1631 2237 quam
1657 2176 1769 2238 quo
1791 2167 1934 2237 loco.
1996 2168 2106 2223 Sed

375 2248 554 2291 totum
578 2236 703 2303 hoc,
729 2247 843 2309 apte
865 2237 1040 2303 dicere,
1068 2255 1173 2290 non
1206 2237 1483 2290 elocutionis
1507 2247 1718 2295 tantum
1748 2257 1946 2312 genere
1971 2232 2104 2293 con-

377 2308 493 2373 stat,
521 2308 608 2362 sed
635 2309 746 2361 est?
785 2326 911 2362 cum
948 2306 1228 2362 inventione
1257 2327 1564 2363 commune.
1639 2310 1785 2362 Nam
1823 2309 1858 2362 fi
1892 2319 2108 2366 tantum

377 2379 579 2448 habent
603 2380 764 2433 etiam
783 2389 805 2422 ‘1
840 2379 1000 2433 verba
1020 2389 1374 2446 momentum,
1400 2391 1602 2452 quanto
1627 2399 1710 2434 res
1733 2381 1855 2452 ipsae
1891 2380 2101 2464 majus?

381 2452 628 2504 Quarum
666 2470 788 2522 quae
829 2450 953 2503 effet
986 2450 1295 2516 observatio,
1323 2450 1428 2504 suis
1463 2451 1596 2505 locis
1619 2451 1842 2506 subinde
1876 2451 2104 2525 subjeci-

380 2541 523 2576 mus,
598 2522 741 2575 Illud
767 2521 838 2575 est
857 2533 874 2556 ¹
905 2521 999 2576 dili
1042 2516 1218 2575 entius
1243 2522 1543 2576 docendum
1564 2532 1601 2588 ⁸,
1628 2523 1994 2577 eum‘demum
2021 2523 2103 2577 di·
2128 2519 2158 2571 8

382 2612 501 2649 cere
538 2604 677 2666 apte,
705 2593 818 2665 qui,
843 2611 952 2646 non
988 2540 1158 2646 {lum
1186 2593 1311 2666 quid
1330 2601 1344 2627 t
1388 2594 1635 2666 expediat,
1660 2594 1750 2650 sed
1784 2595 1948 2650 etiam
1985 2595 2113 2669 quid

382 2667 570 2730 deceat,
612 2664 911 2736 inspexerit.
985 2666 1108 2718 Nec
1149 2682 1239 2717 me
1279 2663 1444 2737 fugit,
1486 2665 1802 2738 plerumque
1841 2666 1962 2720 haec
2007 2667 2109 2719 effe

383 2734 688 2808 conjuncta.
762 2737 910 2788 Nam
945 2735 1092 2810 quod
1127 2734 1284 2788 decet
1300 2745 1343 2798 ³,
1366 2736 1477 2790 fere
1511 2736 1754 2807 prodest:
1793 2755 1968 2808 neque
2003 2737 2110 2790 alio

383 2807 558 2880 magis
595 2805 757 2859 animi
789 2806 1037 2879 judicum
1072 2806 1365 2873 conciliari,
1391 2817 1500 2871 aut,
1527 2807 1561 2859 fi
1587 2826 1668 2861 res
1694 2808 1747 2860 in
1784 2807 2109 2862 contrarium

385 2877 534 2945 tulit,
579 2877 794 2931 alienari
836 2877 1024 2931 solent.
1097 2877 1407 2950 Aliquando
1445 2889 1627 2932 tamen
1664 2892 1719 2934 et
1759 2878 1877 2933 haec
1919 2878 2106 2933 diffen-
2129 2892 2161 2946 9

440 3051 458 3073 ἓ
489 3047 761 3088 deformantur
779 3045 831 3087 G.
858 3046 935 3086 Sed
949 3044 1046 3085 nihil
1058 3046 1285 3086 mutandum.
1413 3044 1432 3072 f
1458 3055 1544 3089 tam
1562 3046 1615 3087 G.
1741 3052 1762 3078 ⁸
1791 3047 1906 3089 decet
1931 3047 1984 3096 G,
2000 3049 2110 3089 male.

387 3101 411 3127 ¹³
441 3113 518 3140 nee
537 3102 590 3141 G.
718 3101 727 3126 ¹
760 3116 830 3141 om.
850 3102 900 3141 G.
919 3101 1026 3140 Jens.
1105 3099 1109 3104 ’
1138 3103 1149 3126 ¹
1176 3102 1425 3152 imponendo
1443 3101 1495 3142 G.
1605 3106 1637 3126 ¹⁰
1670 3099 1913 3154 decurrentis
1933 3103 1984 3142 G.
2002 3103 2109 3142 Jens.

389 3162 412 3184 n
440 3155 644 3205 dirigenda,
661 3155 715 3195 G.
823 3164 841 3184 ⁰
872 3155 971 3194 locis
990 3156 1042 3194 G.
1151 3159 1171 3188 Ρ
1196 3158 1319 3195 etiam
1340 3156 1390 3196 G.
1408 3155 1515 3195 Jens.
1610 3161 1629 3188 <³
1662 3164 1702 3194 et
1720 3153 1774 3198 id.
1869 3162 1883 3182 ¹
1914 3157 2039 3197 etiam
2055 3157 2107 3196 G.

389 3215 406 3240 ⁸
437 3210 657 3250 dicendum
673 3208 781 3250 Jens.
889 3214 903 3242 t
930 3208 1040 3260 quod
1060 3207 1112 3250 G.
1221 3217 1240 3239 ¹¹
1267 3210 1407 3250 deceat
1425 3209 1476 3249 G.
1494 3209 1617 3274 Jens..

449 3359 496 3398 4..
529 3343 687 3398 Cicero]
719 3345 786 3388 De
805 3345 927 3387 Orat.
954 3358 993 3398 3,
1021 3359 1042 3398 5
1051 3358 1092 3398 ς.
1123 3342 1216 3388 Nec'
1294 3342 1495 3402 pluscula.
1558 3343 1627 3386 Ita
1663 3344 1769 3388 illud
1805 3343 2113 3403 aptum,'quod

391 3413 530 3452 tamen
566 3403 654 3446 haec
692 3403 815 3446 Fabii
851 3402 975 3446 verba
1009 3404 1068 3445 ita
1102 3404 1213 3445 acci·
1295 3402 1433 3455 σςὲπον
1459 3411 1596 3454 vocat,
1622 3403 1771 3446 trastat
1799 3401 1844 3446 in
1870 3404 2045 3446 Oratore
2069 3417 2110 3448 c.

389 3461 555 3519 pienda,
593 3460 706 3518 quafi
743 3459 863 3519 plane
907 3458 1029 3512 nihil,
1066 3470 1214 3519 praeter
1296 3471 1370 3500 21.
1391 3459 1453 3516 sq.
1883 3469 1886 3470 ’

389 3521 516 3561 verba
555 3518 738 3570 laudata,
769 3518 860 3562 efflet
898 3517 1008 3576 apud
1044 3518 1214 3562 Cicero·
1355 3519 1398 3560 8.
1429 3516 1978 3575 quoddecet,fireprqde,17]
2007 3517 2111 3565 Vid.

390 3590 484 3621 nem
504 3578 553 3621 de
571 3578 651 3622 hoc
670 3586 928 3636 argumento.
981 3575 1085 3621 Sunt
1103 3578 1214 3623 enim
1295 3587 1391 3632 quae
1410 3573 1631 3620 laudamus
1646 3576 1699 3621 ad
1721 3578 1763 3631 8,
1785 3591 1849 3635 pr.
1875 3591 1947 3633 ³9·
