2320 4030
561 295 1221 350 INSTITJORJATOR.
1256 298 1397 348 LIB.
1432 292 1574 350 VIII.
1600 292 1659 350 ’6.
1918 302 1994 366 65.

250 437 430 510 Tristis
449 437 697 510 seneclus.
770 436 1159 490 Verumtamen
1183 433 1305 489 talis
1329 435 1408 487 est
1424 436 1558 488 ratio
1575 445 1596 477 Ρ
1633 436 1853 508 hujusce
1877 439 1989 493 vir-2

253 511 409 576 tutis,
446 520 511 562 ut
541 510 648 563 fine
682 505 929 579 appositis
963 506 1111 559 nuda
1146 506 1210 560 fit
1249 516 1305 560 et
1337 507 1488 560 velut
1518 507 1759 560 incomta
1801 513 1994 565 oratio·

162 586 242 650 42.
255 583 347 639 Ne
373 591 624 636 oneretur
641 588 664 621 ‘1
700 589 881 631 tamen
905 577 1094 631 multis
1119 597 1132 630 ε
1173 596 1298 630 nam
1319 589 1336 611 ¹
1366 578 1426 630 fit
1449 578 1613 650 longa
1637 589 1692 631 et
1716 579 2000 650 impedita,-

254 664 320 706 ut
342 653 398 705 in
425 649 801 734 quaestionibus
819 658 836 681 ⁹
860 667 979 702 eam
1006 649 1219 721 judices
1239 654 1254 683 t
1282 665 1568 702 er1LEM
1590 656 1623 682 ‘²
1649 650 1854 722 agmini
1880 662 1995 706 tot-

257 723 403 777 idem
428 723 560 775 lixas
585 719 829 785 habenti,
856 730 993 791 quot
1028 715 1228 773 milites
1252 738 1470 791 quoque
1491 730 1532 786 ¹¹,
1561 720 1616 772 in
1654 741 1764 793 quo
1799 733 1856 775 et
1891 743 1995 777 nu-

258 811 438 849 merus
473 794 547 846 est
584 791 803 863 dupleX,
836 809 936 844 nec
976 790 1203 863 duplum
1242 792 1474 844 virium:
1523 810 1847 863 quamquam
1885 813 2011 854 non..⁸
2033 808 2045 839 2·-

260 865 468 938 singula
491 863 677 930 modo,
702 861 792 915 sed
817 862 978 915 etiam
1004 863 1159 934 plura
1179 863 1556 935 verbaapponi
1581 863 1754 918 solent
1775 885 1789 916 ε
1830 875 1911 932 ut,

408 964 651 1037 Conjugio
674 960 895 1035 Anchisa
927 962 1126 1018 Veneris
1152 963 1618 1036 dignatesuperbo.‘

158 1090 254 1154 ‘43
265 1076 371 1132 Sed
393 1076 501 1130 hoc
525 1092 744 1148 quoque
768 1074 933 1128 modo
959 1074 1069 1128 duo
1092 1074 1272 1142 verba,
1299 1073 1395 1128 uni
1422 1074 1673 1146 apposita,
1699 1093 1768 1130 ne
1795 1076 2003 1134 versum
2047 1117 2051 1121 -

263 1149 485 1222 quidem
510 1146 822 1201 decuerint.—
885 1147 1026 1199 Sunt
1048 1156 1252 1212 autem,
1277 1146 1474 1217 quibus
1501 1164 1608 1198 non
1634 1146 1877 1210 videatur
1911 1151 2004 1204 hic

263 1220 489 1275 omnino
511 1229 596 1272 tro
633 1236 717 1284 ηε,
742 1217 871 1290 quia
894 1217 1033 1270 nihil
1057 1227 1247 1272 vertat.
1310 1216 1536 1270 Necesse
1562 1218 1632 1270 est
1657 1218 1798 1270 enim
1819 1229 1841 1252 ¹
1867 1220 2005 1274 sem-

265 1300 523 1365 per‚-ut2
565 1237 643 1354 id),
669 1287 816 1360 quod
852 1287 925 1342 est
963 1289 1276 1361 appositum,
1309 1289 1383 1340 fia
1423 1306 1454 1340 a
1497 1288 1709 1359 proprio
1745 1289 2002 1360 diviseriS,

265 1381 361 1436 per
395 1361 448 1415 se
484 1360 762 1436 fignificet,
790 1369 846 1412 et
881 1358 1044 1413 faciat
1086 1359 1485 1430 antonomasiam.
1560 1360 1730 1427 Nam,
1765 1361 1795 1413 fi
1839 1363 2004 1431 dicam,

269 1435 387 1502 Ille,
413 1433 501 1506 quii
547 1431 906 1505 Carthaginem
941 1441 988 1484 et
1022 1431 1353 1484 Numantiam
1379 1430 1574 1497 evertit,
1601 1435 1962 1487 antonomasia
1980 1439 2006 1470 b

174 1503 378 1580 441est'2
418 1504 452 1557 fi
477 1503 732 1576 adjeceris
760 1502 941 1576 Scipio,
964 1504 1280 1576 appositum.
1353 1504 1482 1556 Non
1509 1502 1676 1573 potest
1700 1521 1830 1575 ergo
1854 1511 1960 1558 non
1982 1512 2005 1538 ⁶

271 1575 374 1630 effe
388 1574 640 1649 junfflmm
658 1577 699 1628 ‘¹.
771 1574 852 1627 At
876 1573 1168 1642 ἀλληγορία,
1195 1592 1355 1645 quam
1393 1573 1714 1643 inversionem
1748 1575 2007 1648 interpre-

271 1660 449 1702 tamur
466 1656 508 1712 θ,
547 1645 693 1699 aliud
734 1645 927 1709 verbiS‚
966 1643 1114 1698 aliud
1151 1645 1301 1699 sensu
1336 1645 1582 1712 ostendit,
1621 1663 1684 1699 ac
1722 1646 1883 1703 etiam
1922 1667 2009 1702 m-

271 1718 429 1774 tetim
453 1716 798 1772 contrarium.
873 1715 1040 1782 PriuS,
1065 1725 1149 1783 ut,

423 1815 664 1883 Onavis,
689 1813 902 1886 referent
928 1815 982 1867 in
1006 1834 1143 1867 mare
1168 1825 1214 1867 te
1236 1815 1357 1869 novi

419 1886 624 1941 Fluctus
645 1909 664 1940 .-
699 1907 725 1942 ο
749 1887 878 1960 quid
898 1886 1010 1959 agis
1028 1889 1058 1939 ,Ρ
1075 1886 1291 1958 fortiter
1313 1898 1490 1960 occupa
1516 1887 1740 1943 Pontum.

331 2049 353 2078 P
378 2045 505 2084 oratio
522 2044 630 2084 Jens.
791 2051 813 2082 q
842 2057 910 2082 om.
931 2043 985 2083 G.
1145 2049 1163 2072 ¹·
1191 2041 1239 2081 fit
1257 2040 1351 2083 laet'a
1365 2051 1407 2083 et
1426 2043 1478 2083 G.
1506 2044 1553 2083 fit
1573 2046 1701 2083 cocan
1720 2044 1824 2083 Alm.
1854 2045 1900 2086 {it
1919 2043 2018 2090 iaeta

278 2100 404 2139 etiarn
421 2099 528 2138 Jens.
678 2104 692 2124 ⁸
725 2099 942 2148 quastione
961 2098 1014 2137 G.
1151 2104 1166 2127 t
1190 2096 1339 2147 jungas
1356 2098 1462 2137 Jens.
1594 2103 1628 2131 tt
1652 2099 1800 2149 jungas
1819 2098 1889 2153 inst
1904 2103 2013 2144 Jenss.

282 2158 305 2179 ¹¹
337 2168 405 2192 om.
425 2153 478 2192 G.
529 2188 537 2193 ,
587 2156 608 2178 ¹
639 2166 709 2192 om.
729 2154 782 2192 G.
799 2153 906 2191 Jens.
963 2182 965 2185 .
1015 2155 1036 2176 ²
1066 2152 1292 2191 cumidem
1311 2152 1493 2203 app.'1'id.
1602 2158 1621 2179 ²
1650 2167 1722 2192 om.
1741 2154 1793 2192 G.
1861 2155 1906 2198 ,ὓ
1939 2169 2016 2195 an·

279 2214 370 2246 ton.
389 2209 443 2246 est
461 2221 530 2245 om.
551 2206 604 2245 G.
715 2211 731 2232 ⁶
764 2220 833 2246 om.
854 2207 906 2245 G.
923 2205 1030 2247 Jens.
1152 2206 1169 2230 ‘¹
1202 2205 1386 2246 vinEium
1405 2205 1475 2246 iid.
1596 2210 1612 2231 ⁸
1645 2208 1954 2260 interpretantur
1970 2208 2029 2251 ultv

279 2262 517 2301 —ostendat
535 2260 604 2300 iid.

361 2408 441 2451 42.
467 2395 705 2458 2Conjugio]
748 2395 874 2457 Virg.
907 2397 1019 2442 AEn.
1065 2410 1108 2452 3,
1140 2407 1166 2430 a
1191 2393 1295 2440 facit
1329 2394 1398 2440 ule
1431 2396 1658 2457 praesertim
1689 2393 1845 2450 versus.
1874 2399 2017 2458 Nuper

285 2469 392 2512 475.
1178 2454 1398 2513 sollicitum
1429 2470 1522 2513 quae
1557 2454 1656 2499 mihi
1684 2456 1863 2508 taedium,
1897 2459 2018 2504 Nunc

345 2529 420 2567 42.
454 2515 539 2557 Sed
551 2513 907 2569 hocffdecuerint]
942 2515 984 2557 Si
1004 2514 1110 2558 hanc
1191 2512 1427 2568 desiderium
1444 2532 1456 2555 .-
1489 2513 1654 2558 videtur
1672 2515 1799 2565 enim,
1821 2516 1847 2558 si
1867 2518 1936 2560 hic
1955 2520 2017 2561 al-

287 2573 505 2631 periodum
552 2587 578 2615 a
623 2589 691 2616 me
727 2573 916 2630 ‚intelligi
956 2573 1111 2624 dicam,
1193 2571 1350 2628 legoria
1383 2572 1454 2629 est,
1489 2587 1639 2630 parum
1672 2575 1859 2631 generose
1890 2576 2018 2618 Pom-

279 2632 483 2675 mentiar.
542 2632 652 2692 Qis
691 2632 800 2674 enim
835 2631 895 2675 est
932 2630 1113 2674 hiemo·
1193 2630 1360 2687 peianas
1381 2629 1579 2687 reliquias
1599 2641 1755 2680 notare,
1778 2626 1829 2674 ac
1853 2634 1890 2676 se
1911 2635 2019 2678 invi·

290 2688 408 2732 dus?
438 2690 594 2732 Decuit
613 2690 703 2736 sane
720 2689 952 2748 Virgilium
977 2690 1114 2732 dicere
1194 2697 1287 2730 tum
1315 2697 1356 2729 et
1383 2702 1482 2730 cum
1511 2688 1638 2731 taedio
1660 2703 1730 2731 eas
1748 2700 1887 2747 partes
1906 2687 2021 2737 secu-

291 2748 465 2790 Famam
482 2750 591 2791 AEn.
605 2762 651 2801 4,
667 2751 745 2790 181
756 2777 770 2799 ‚
789 2749 1003 2806 monstram
1020 2747 1114 2791 hor·
1195 2755 1287 2789 tum
1306 2745 1506 2789 ostendere
1524 2765 1535 2789 ε
1569 2761 1682 2796 cum,
1703 2747 1731 2790 fi
1760 2751 1924 2807 proprie
1954 2753 2020 2795 su-

284 2806 480 2858 rendum,
507 2805 677 2862 ingens.-
709 2816 750 2848 et
783 2821 822 2858 3,
855 2810 878 2847 6
887 2808 956 2862 58,
987 2805 1114 2863 Poly·
1195 2819 1304 2856 mas,
1339 2803 1488 2847 nausea
1518 2815 1560 2848 et
1589 2805 1762 2862 periculi
1797 2819 1949 2859 metus,
1978 2813 2022 2853 in

325 2865 490 2913 hemum
521 2864 744 2922 Monstrum
772 2862 1030 2916 horrendum,
1050 2863 1115 2906 in·
1197 2875 1283 2920 quo
1311 2861 1437 2905 fuerit
1466 2864 1686 2915 Horatius,
1706 2867 1908 2920 quamdiu
1940 2869 2023 2926 ipse

316 2925 440 2973 orme,
458 2921 614 2978 ingens,
641 2922 707 2964 cui
733 2922 868 2964 lumen
892 2923 1112 2966 ademtam.
1199 2922 1242 2963 in
1276 2921 1354 2963 hac
1387 2921 1484 2964 navi
1512 2920 1657 2971 fuerit,
1679 2922 1848 2978 pulchre
1876 2924 1927 2967 fic
1948 2941 2023 2969 no.

296 2980 450 3037 Itaque
486 2980 661 3036 aliquid·
683 2980 813 3022 subest
850 2980 915 3022 vel
946 2995 1117 3038 corrup-
1199 2988 1326 3021 tetur.
1388 2979 1466 3021 Sed
1484 2994 1557 3022 nec
1579 2981 1827 3037 ineptiarum
1848 2983 2025 3042 postula-

294 3045 406 3088 tum,
426 3036 490 3080 vel
508 3038 614 3082 mihi
631 3039 801 3096 quidem
823 3038 1006 3082 nondum
1026 3051 1119 3098 per-
1201 3039 1348 3087 verim,
1368 3036 1482 3094 quod
1500 3036 1712 3083 Bentleins
1730 3037 1849 3091 facit,
1865 3043 2024 3103 Qinc-

297 3105 483 3154 ceptum.
610 3107 614 3111 '
1201 3095 1414 3146 tilianum,
1431 3108 1572 3153 ‘neque
1602 3106 1697 3139 cum
1735 3097 1915 3142 Baxtero
1944 3103 1978 3144 F
1981 3116 2026 3143 a·

282 3200 283 3203 ,
356 3168 434 3207 44.
463 3153 628 3198 interim
646 3153 919 3209 contrarium]
953 3156 1018 3198 De
1036 3169 1123 3213 quo
1203 3154 1330 3197 brurn
1377 3154 1578 3205 accusem,
1606 3154 1699 3211 ·qui
1747 3155 1843 3212 plus
1891 3158 2026 3216 sapere

298 3211 333 3256 s.
360 3225 431 3268 54.
452 3213 514 3270 sq.
1205 3227 1333 3268 quam
1353 3211 1664 3271 Qinstilianus
1681 3211 1874 3259 voluerit.
1922 3218 2028 3260 Pro·-

358 3285 435 3324 44.
466 3272 504 3313 Ο
522 3270 676 3325 navis]
703 3273 855 3314 Horat.
877 3271 963 3314 Od.
989 3285 1120 3324 ¹2¹4·
1206 3269 1343 3312 blema
1378 3273 1434 3312 est
1471 3283 1553 3312 non
1589 3271 1763 3313 maximi
1811 3278 2027 3325 momenti,

301 3329 511 3372 Caeterum
532 3339 685 3387 negant
705 3329 943 3388 allegoriam
963 3329 1032 3372 hic
1050 3329 1124 3372 effe
1205 3342 1281 3371 nec
1309 3328 1436 3370 nimis
1469 3329 1578 3370 idem
1604 3327 1760 3381 facile3
1790 3330 1832 3372 in
1881 3347 1938 3375 uo
1964 3334 2033 3377 di-

301 3387 516 3438 Muretus,
527 3387 859 3439 Tan.Faber,‹-.t
879 3387 1121 3431 Bentleius=
1206 3385 1367 3429 versum
1402 3383 1528 3429 facile
1574 3386 1747 3429 sentiant
1792 3388 1846 3430 do
1891 3391 2028 3434 iffimi.

301 3455 344 3487 et
363 3444 470 3494 sane,
490 3445 642 3503 absque
670 3445 748 3490 hoc
768 3444 1044 3505 Qinfflliani
1063 3445 1127 3488 lo·
1208 3443 1420 3487 Laudavit
1440 3445 1674 3495 Muretum,
1695 3445 1895 3500 Fabrum,
1916 3450 2031 3493 Mat·-

302 3502 416 3546 coasr
443 3502 549 3555 effet,
569 3515 689 3547 nemo
715 3502 824 3547 forte
844 3502 902 3547 'de
929 3503 1127 3562 allegoria
1209 3502 1369 3553 sonum,
1392 3502 1458 3547 hic
1479 3503 1758 3547 Burmannus.

301 3560 529 3621 cogitasstt.
611 3561 844 3619 Suspefiam
883 3561 989 3605 mihi
1037 3575 1128 3605 eam
1195 3605 1206 3617 ,-
