2320 4030
596 318 875 368 INSTIT.
910 315 1240 367 ORATOR.
1280 317 1421 367 LIB.
1455 319 1546 368 XI.
1581 335 1630 381 3.
1869 331 1964 386 297

250 454 543 508 tationibus
586 454 857 508 resultans,
930 454 1050 507 Nec
1097 449 1355 507 inutiliter
1403 472 1470 506 ex
1518 455 1719 506 Graeeis
1764 466 1972 508 veteres

254 526 643 589 transtulerunt,
667 525 812 596 quod
846 525 912 578 ab
946 526 1031 577 his
1067 523 1298 576 sumtum
1325 526 1497 576 Lenas
1524 525 1753 595 Popilius
1780 526 1969 597 posui—t,

165 616 239 665 ¹84
256 597 356 649 effe
400 599 525 649 hanc
561 597 847 666 inoticffam'1
887 597 1137 662 αρἳὶοηεηι.
1212 595 1434 664 Optime
1475 595 1642 666 igitur
1678 596 1842 660 idem,
1877 597 1971 667 qui

257 667 454 732 omnia,
485 667 676 720 Cicero
716 677 1054 737 praeceperat,
1085 683 1206 735 quae
1244 664 1395 736 supra
1431 684 1495 718 ex
1541 676 1746 717 oratore
1788 666 1971 736 posui:

258 739 453 808 quibus
497 737 682 789 fimilia
723 739 777 787 in
821 737 989 788 Bruto
1026 736 1094 789 de
1135 736 1324 788 Marco
1365 735 1605 788 Antonio
1638 736 1789 789 dicit.
1865 737 1974 789 Sed

247 807 366 880 jam
391 820 603 879 recepta
626 808 692 859 est
718 807 856 859 aetio
881 806 1060 878 paullo
1083 805 1349 878 agitatior,
1372 817 1430 858 et
1445 807 1469 838 b
1494 806 1744 878 exigitur,
1770 817 1825 858 et
1850 807 1972 878 qui-

260 878 479 932 busdam
523 879 757 948 partibus
801 877 1085 930 convenit:
1147 877 1224 929 ita
1269 887 1446 929 tamen
1489 876 1846 958 tempefandffi
1893 895 1978 939 ne,

260 949 389 1002 dum
427 949 618 1001 aetoris
654 960 924 1018 captamus
961 947 1300 1020 elegantiam,
1327 946 1605 1019 perdamus
1639 948 1735 1000 vxri
1768 948 1897 1002 boni
1923 960 1978 1001 et

261 1020 436 1092 gravis
468 1019 852 1073 auetoritatem.

322 1179 340 1199 ⁸
371 1174 594 1212 invitiosam
615 1174 666 1212 G.
697 1172 898 1213 mocosam
926 1172 954 1211 ἱ.
973 1189 1005 1213 e.
1031 1173 1182 1223 μωκῶδη
1206 1173 1511 1224 ἕςβὶσιιῖατονίαηι
1538 1173 1614 1224 legi
1639 1172 1725 1212 vul!
1750 1172 1909 1227 Salmas:
1929 1174 1982 1212 ad

270 1227 422 1268 Trebell.
444 1228 597 1266 Pullion.
621 1226 784 1267 Gallim.
805 1242 837 1267 c.
859 1229 896 1267 8.
924 1227 1141 1277 injocosam
1163 1226 1255 1281 Voffi
1280 1240 1295 1266 1
1320 1236 1356 1265 et
1372 1239 1409 1276 3.
1520 1226 1537 1253 ὓ
1569 1228 1692 1266 etiam
1709 1229 1816 1266 Jens.

271 1370 357 1405 tum
383 1362 634 1420 venustatem
652 1366 667 1404 ,¹
706 1362 749 1406 in
777 1376 849 1419 quo
879 1377 967 1405 cum
991 1361 1088 1416 effe·
1226 1365 1325 1412 184.
1342 1362 1474 1420 ficpra
1492 1375 1546 1403 ex
1563 1361 1745 1414 oratore]
1777 1361 1978 1419 Respicit,

269 1420 388 1470 ceris,
413 1434 460 1462 ne
489 1420 587 1477 quid
610 1419 799 1477 ineptum,
820 1428 892 1462 aut
919 1420 1085 1463 vultuo-
1166 1430 1286 1475 puto,
1303 1419 1334 1462 s.
1361 1435 1458 1460 122.
1497 1420 1545 1460 In
1570 1419 1702 1460 Bruto
1721 1422 1770 1460 de
1791 1420 1858 1460 M.
1883 1421 1980 1461 An-

259 1477 417 1537 ficmstt
437 1479 516 1520 διε.
1166 1479 1281 1519 tonio
1301 1492 1339 1519 c.
1365 1481 1435 1530 38,
1468 1477 1607 1534 Gcstus
1633 1484 1726 1518 erat
1745 1492 1821 1518 non
1840 1477 1978 1520 verba

336 1541 433 1589 183.
460 1535 686 1593 inotiosam]
713 1535 892 1588 Ἀσχολον
909 1545 949 1577 et
976 1545 1088 1576 Πολυ.
1166 1534 1411 1590 exprimens‚
1426 1536 1505 1592 sed
1534 1536 1622 1576 c'um
1642 1534 1855 1591 fintentiis
1890 1549 1981 1577 con-

273 1596 432 1648 ἇσχολσν
460 1594 536 1636 hoc
557 1593 666 1636 lensu
686 1594 828 1636 dicunt
851 1593 992 1637 Graeci
1014 1608 1089 1650 pro
1162 1606 1315 1647 gruens
1335 1612 1347 1634 .-
1401 1607 1561 1642 manus,
1608 1591 1777 1642 humeri,
1825 1592 1981 1643 latera,

273 1652 401 1695 nimis
414 1652 622 1708 negotioso
640 1653 682 1693 in
697 1666 738 1694 re
751 1665 832 1693 non
850 1650 1088 1704 neceffaria3
1156 1650 1346 1708 ficpplqfio
1370 1650 1501 1707 pedis,
1517 1649 1667 1706 status,
1695 1648 1867 1705 inceffus,
1899 1664 1982 1691 om-

276 1710 382 1753 utin
400 1709 681 1768 Philopatride
699 1711 907 1774 Lucianeo
923 1710 995 1752 sub
1015 1709 1090 1750 fin.
1170 1709 1304 1766 msque
1321 1717 1462 1758 motus,
1482 1723 1571 1750 cum
1598 1705 1742 1753 verbis
1754 1707 1986 1772 sententizs-

275 1770 296 1809 ἦ
331 1770 591 1821 woman->Come
624 1768 875 1818 μαθηματικὴ
910 1768 1093 1826 ponitur,
1172 1781 1246 1824 que
1263 1765 1514 1826 const’ntiens.

276 1821 330 1868 de
347 1823 606 1881 divinatoriis
626 1824 804 1876 artibus,
