2320 4030
377 328 446 380 65
762 317 840 380 Μ.
875 315 1086 380 mn
1120 324 1731 381 emmeramme

379 463 811 538 Clyt'aemngstiam,
860 466 951 520 inb
1000 466 1213 520 triclinio
1260 468 1446 535 cheam,
1498 467 1591 520 οἱη
1637 466 1853 521 eubiculo
1911 467 2096 522 nol-am·

374 537 631 609 Namque
656 547 711 590 et
735 556 879 592 nunc
914 538 1156 609 quaedam
1184 539 1475 605 solvuntur,
1502 548 1559 591 et
1593 548 1712 592 tum
1738 549 1890 592 erant
1915 540 2100 593 notio-

370 625 452 674 ra,
479 623 603 662 cum
645 607 967 676 dicerentur,
1003 609 1098 662 etd
1134 609 1411 682 aenigmata
1446 609 1568 662 sunt
1603 618 1804 676 tamen,
1834 628 1939 663 nee·
1974 627 2038 663 ea
2054 619 2096 676 ²,

368 679 461 733 nifi
486 679 607 751 quis
630 679 1021 751 interpretetur,
1047 678 1339 752 intelligas,
1416 681 1477 732 ln
1505 698 1571 733 eo
1595 698 1720 733 vero
1744 687 1959 752 genere,
1986 700 2095 753 quo
2114 693 2188 752 54

366 751 637 804 contraria
670 750 1033 816 ostenduntur,
1056 751 1221 804 ironia
1250 752 1359 804 est:
1400 750 1667 822 illusionem
1704 763 1933 806 vocant:
1973 763 2095 824 quae

366 831 465 876 aut
501 822 933 894 pronuntiatione
969 821 1312 895 intelligitur,
1345 832 1437 875 aut
1474 821 1708 893 persona,
1745 835 1838 876 aut
1879 822 1955 876 rei
1995 834 2093 876 naa-

365 899 524 946 tura:
564 910 710 959 nam,
735 893 769 945 fi
787 946 789 948 ,
808 911 914 975 qua
944 907 1128 946 earum
1166 893 1338 946 verbis
1375 893 1629 960 dissentit,
1663 904 1880 965 apparet
1915 893 2096 948 diver·-

362 964 477 1017 Yam
503 959 601 1018 effe
625 963 851 1017 orationi
877 956 1206 1016 voluntatem
1227 984 1240 1016 t
1269 975 1607 1036 ,quamquam
1627 963 1647 997 f
1679 964 1736 1016 in
1769 963 2013 1036 plurimis
2036 965 2092 1019 id
2111 975 2183 1036 55

362 1035 534 1106 ‘tropis
575 1034 789 1100 accidit,
828 1044 890 1086 ut
932 1033 1148 1101 interfit,
1188 1035 1319 1107 quid
1340 1038 1364 1081 '8
1405 1036 1474 1089 d'e
1554 1044 1629 1090 uo
1670 1034 1914 1089 dicatur:
1967 1036 2094 1108 quia

366 1105 542 1176 (quod
586 1105 782 1159 dieitur
824 1104 975 1170 alibi)
1027 1123 1208 1159 verum
1251 1107 1343 1171 est,
1372 1106 1510 1160 aut*
1566 1105 1720 1160 audis
1759 1105 2094 1163 fimulatione

363 1176 661 1242 detrahere,
690 1186 784 1230 aut
816 1176 1254 1248 vituperationisi
1287 1177 1501 1231 laudare
1523 1179 1556 1244 ¹,
1583 1177 1882 1232 conceffum
1906 1178 2088 1232 effes:
2166 1212 2174 1218 s

358 1247 522 1318 quale
545 1248 633 1314 est,
659 1246 806 1318 quod
845 1248 903 1301 C.
938 1248 1126 1314 Verre-5,
1154 1252 1343 1322 praetor
1365 1248 1613 1316 urbana-5,
1640 1251 1773 1302 homo
1833 1253 2006 1303 antius
2043 1259 2093 1304 et

363 1318 599 1391 diligens,
623 1382 631 1390 ο
635 1318 1024 1389 subsortitionem
1058 1320 1158 1393 ejus
1196 1320 1250 1374 in
1286 1339 1336 1374 eo
1374 1321 1570 1374 codice*
1606 1334 1704 1374 non
1727 1321 1797 1373 ha
1829 1331 1947 1375 emt.
1983 1348 1986 1351 >
2018 1321 2092 1374 Et

356 1401 568 1454 contra,
615 1390 846 1446 Oratores
889 1390 988 1461 vili
1053 1411 1211 1458 umus,
1256 1402 1302 1444 et
1339 1391 1516 1474 populo
1564 1391 1892 1464 impqftcimm.
1963 1390 2086 1458 Ali·
2108 1393 2186 1462 56

356 1461 576 1531 quando
601 1479 723 1514 cum
750 1461 852 1515 risu
875 1476 985 1534 quo
1019 1479 1111 1516 ‘am
1136 1473 1398 1517 contraria
1418 1463 1675 1516 dicuntur
1698 1461 1764 1516 iis
1784 1471 1827 1529 ⁰,
1853 1481 1977 1535 quae
2001 1462 2087 1515 in»

359 1531 539 1605 telligi
575 1532 801 1585 volunt:
854 1533 1308 1605 quemadmodum
1352 1534 1448 1586 inv
1491 1533 1769 1600 Clodium,
1811 1533 2090 1606 Iniegritas

361 1613 452 1655 tua
492 1612 539 1654 te
585 1603 850 1675 purgavit,
899 1604 1020 1656 mihi
1063 1606 1220 1672 crede,
1254 1606 1418 1678 pudor
1461 1605 1661 1678 eripuit,
1696 1604 1813 1659 vita
1847 1610 2089 1659 antea&

341 1675 602 1746 servavit.
679 1676 876 1727 Praeter
909 1674 1028 1728 haec
1066 1676 1190 1730 usus
1228 1677 1300 1729 est
1336 1676 1626 1749 allegoriae,
1652 1687 1715 1730 ut
1749 1675 1912 1730 tristia
1934 1675 2084 1731 dica-
2106 1687 2175 1745 57

354 1763 479 1799 mus
503 1745 850 1800 melioribus‘l
878 1746 1069 1815 verbiS,
1089 1758 1185 1802 aut
1208 1749 1362 1802 bonae
1385 1750 1461 1802 rei
1483 1748 1657 1822 gratia
1679 1747 1927 1820 quaedam
1944 1764 2083 1802 con-

410 1904 429 1931 b
463 1899 690 1940 interclinio
709 1902 761 1941 G.
789 1901 891 1942 etin
910 1902 1014 1943 tricl.
1032 1903 1140 1942 Jens.
1249 1909 1267 1929 Β
1297 1912 1338 1944 et
1358 1903 1425 1957 ins.
1444 1903 1550 1943 Jens.
1657 1903 1677 1930 ‘¹
1704 1911 1778 1944 vm.
1793 1903 1847 1944 G.
1968 1907 1988 1933 ²
2017 1915 2088 1945 eas
2150 1932 2155 1940 ι

354 1954 408 1994 G.
537 1951 555 1978 f
581 1955 751 2005 inquam
773 1956 824 1995 G.
979 1962 998 1987 ⁸
1030 1971 1100 1997 om.
1118 1958 1224 1998 Jens.
1365 1959 1384 1982 ¹¹
1416 1967 1456 1998 et
1476 1958 1584 1997 laudi
1603 1965 1674 1997 aut
1687 1959 1744 1999 G.
1761 1958 1870 2002 Jens.
1895 1964 1937 1998 et
1952 1957 2086 2000 laudis

352 2015 425 2047 aut
444 2008 575 2058 Kapp.
595 2008 734 2049 Almel.
762 2018 833 2049 aut
852 2010 960 2049 laudi
982 2011 1050 2052 rel.
1196 2010 1204 2036 ἱ
1228 2011 1305 2051 'Sic
1324 2013 1458 2063 Kapp.
1475 2012 1616 2053 Almel.
1634 2012 1927 2064 vituperatione
1945 2013 1996 2053 G.
2023 2014 2086 2053 vi-

352 2062 592 2112 tuperationi
614 2062 680 2102 rel.
845 2064 854 2087 ¹
886 2064 952 2103 Sic
969 2065 1077 2105 Jens.
1097 2064 1229 2117 Kapp.
1256 2065 1374 2105 laude
1395 2066 1462 2106 rel.
1613 2073 1649 2097 m
1677 2069 1734 2107 est
1752 2067 1804 2107 G.
1823 2065 1958 2118 Kapp.
1974 2067 2084 2107 Jens.

353 2123 376 2146 ¹²
405 2130 473 2154 om.
492 2116 547 2156 G.
574 2116 638 2154 die
654 2117 761 2156 Jens.
792 2116 863 2156 Sed
878 2119 1019 2158 codiee
1038 2121 1087 2170 est
1102 2129 1165 2172 ap.
1186 2119 1409 2167 Ciceronem,
1431 2127 1468 2158 et
1485 2119 1690 2182 necffzriO.
1773 2137 1778 2143 ·
1894 2126 1915 2145 ⁰
1938 2121 1994 2161 'iis
2011 2131 2085 2161 om.

348 2169 458 2210 Jens.
486 2170 638 2222 usuque
656 2171 710 2213 G.
817 2177 838 2205 Ρ
864 2172 915 2211 ad
934 2173 986 2213 G.
1004 2174 1114 2213 J'ens.
1197 2180 1217 2207 ‘³
1239 2173 1494 2214 mollioribus
1512 2175 1596 2214 ved.
1615 2173 1688 2226 leg.
1709 2173 1903 2227 erhoflo
1921 2181 1959 2214 et
1972 2175 2083 2216 mim.

350 2301 483 2353 taria,
505 2303 633 2360 quod,
654 2303 882 2348 Plutarcho
904 2305 1005 2349 teste
1025 2307 1068 2348 in
1086 2307 1175 2350 vita

351 2361 543 2404 ciceron.
576 2378 620 2419 p.
656 2366 785 2414 1604,
818 2365 887 2406 Ste
918 2364 962 2407 h.
983 2368 1070 2422 ,τῶν
1099 2367 1176 2418 ἐρα-

351 2421 421 2462 ςῶν
449 2435 505 2464 τις
533 2421 624 2476 αὐτῇ
652 2422 801 2475 χαλκὸς
827 2425 878 2471 ἐμ
903 2424 998 2461 ambr
1023 2423 1070 2466 εἷς
1100 2423 1174 2465 βα·

349 2471 503 2522 λέντιον,
537 2476 581 2518 ὡς
612 2475 760 2528 ἐργύριον
792 2475 1012 2528 εἰσέπεμψε·
1059 2475 1101 2514 τὸ
1137 2474 1175 2514 δὲ

349 2526 574 2566 λε’)ιτότατον
606 2531 656 2567 τῦ
685 2531 816 2582 χαλκῦ
840 2532 1070 2582 νομίσματος
1094 2544 1174 2568 κου.

349 2580 514 2632 aspin-nv
539 2582 682 2624 έκέλυν.
741 2582 1066 2641 Qcadrantaria
1089 2584 1172 2640 igi-

349 2645 419 2678 tur
437 2637 507 2688 est,
528 2653 624 2680 cum
654 2641 697 2683 in
724 2655 830 2684 aereo
883 2641 998 2685 ufillo
1016 2642 1170 2684 numis-

347 2703 472 2745 mate,
494 2697 811 2752 quadrantibus,
842 2657 939 2743 {gtis
975 2699 1063 2742 fieri
1094 2714 1170 2756 po-

349 2752 436 2794 test.
498 2755 563 2796 De
596 2755 766 2813 reliquis
799 2755 907 2800 forte
938 2759 1076 2800 minus
1106 2757 1169 2799 in-

346 2820 443 2866 epta
474 2811 528 2854 est
560 2812 843 2871 interpretatio
872 2814 1036 2858 Alciati
1066 2814 1168 2858 Par-

345 2882 434 2925 erg.
451 2870 537 2922 jur.
560 2885 604 2921 2,
629 2887 697 2921 12,
718 2874 895 2929 probata
913 2874 1039 2916 etiam
1061 2874 1165 2917 Vos·

344 2924 400 2966 fio
429 2928 550 2970 Orat.
576 2942 622 2980 4,
648 2945 718 2981 11,
741 2946 782 2981 1,
806 2946 848 2984 5,
868 2946 911 2989 p.
934 2935 1037 2983 206,
1069 2947 1164 2989 pro·

343 2997 482 3026 cacem
515 2983 786 3045 lascivamque
820 2989 862 3031 in
895 2990 1089 3040 triclinio,
1125 2999 1165 3033 et

337 3042 395 3083 ad
414 3041 558 3085 coitum
578 3044 688 3087 ultro
717 3045 979 3099 allicientem,
1000 3047 1164 3091 nolendo

339 3098 502 3150 deinde,
523 3101 597 3143 ubi
627 3104 670 3145 in
697 3104 937 3148 cubiculum
964 3116 1007 3148 at
1038 3121 1090 3148 ue
1110 3107 1163 3150 ad

341 3171 428 3199 rem
460 3169 629 3203 ventum
658 3160 765 3212 esset,
790 3173 991 3206 amatores
1037 3162 1160 3208 ufiffe.

342 3215 589 3272 Aliquando
617 3221 740 3261 etiam
773 3222 896 3264 Coam
928 3222 1014 3265 dici
1043 3223 1161 3279 cogi-

340 3275 498 3337 tabam,
531 3290 626 3331 quae
660 3278 762 3320 Cois
800 3279 978 3322 vestibus
1012 3279 1159 3323 induta

340 3345 383 3371 m
413 3332 610 3375 conviviis
639 3335 744 3377 nihil
773 3338 956 3395 corporis
982 3337 1044 3381 sui
1062 3338 1159 3380 satis

339 3388 447 3430 bona
495 3390 576 3433 fide
623 3393 779 3434 tefflum
828 3395 1011 3439 haberet.
1080 3397 1155 3439 Sed

337 3455 494 3496 metuo,
516 3463 566 3491 ne
587 3448 651 3493 hae
670 3449 744 3493 lint
763 3452 953 3497 difficiles
973 3463 1013 3498 et
1033 3468 1157 3512 nugae

337 3513 487 3546 tamen.

397 3577 469 3615 55.
500 3571 577 3607 aut
606 3564 739 3611 laudis
755 3566 1032 3623 simulatione]
1078 3569 1154 3612 Vi-

1254 2309 1402 2352 demur
1434 2310 1533 2354 huic
1560 2309 1655 2354 loco
1682 2309 1818 2354 lucem
1846 2308 2081 2370 etelegan-

1255 2369 1356 2410 tiam
1374 2368 1602 2412 reddidisse.
1662 2367 1781 2413 Nihil
1804 2369 1859 2412 est
1876 2368 2078 2413 solennius

1254 2426 1330 2482 (an
1379 2426 1609 2470 conceil‘um
1627 2455 1631 2458 »
1652 2425 1717 2478 fit,
1759 2438 1843 2471 non
1887 2427 1958 2470 dis
1980 2428 2077 2483 uto)

1254 2499 1382 2542 quam
1400 2484 1536 2528 laudis
1552 2483 1809 2540 fimulatione
1825 2485 1947 2528 detra
1975 2499 2074 2538 ere,

1253 2552 1326 2585 nec
1383 2541 1559 2586 alterum
1610 2542 1862 2592 inauditum,
1910 2542 2075 2586 licitum
2124 2551 2125 2554 ’

1253 2600 1425 2658 quidem
1453 2609 1494 2642 et
1519 2601 1769 2655 jucundum,
1797 2600 2077 2658 vituperatio-

1249 2658 1313 2701 nis
1349 2658 1605 2702 simulatione
1641 2657 1834 2702 laudare.
1896 2659 2074 2705 Utrum-

1247 2731 1331 2774 que
1361 2717 1505 2772 junxit
1543 2715 1708 2761 Offunae
1745 2718 1832 2771 dux
1868 2716 1956 2768 ille,
1994 2719 2074 2775 qui

1247 2774 1571 2834 Neapolitanum
1615 2788 1792 2834 regnum
1836 2788 1915 2834 pro
1951 2775 2074 2834 Rege

1245 2834 1514 2891 gubernavit,
1546 2833 1622 2890 qui
1654 2834 1917 2892 interrogatis
1953 2846 2071 2876 com-

1246 2891 1399 2950 peditis
1429 2892 1676 2949 quibusdam
1703 2893 1950 2950 remigibus,
1970 2905 2069 2935 cum

1246 2964 1389 2992 omnes
1436 2951 1672 2994 innocentes
1719 2951 1852 2994 videri
1899 2948 2067 3002 vellent,

1248 3021 1356 3051 unns
1394 3017 1533 3051 autem
1573 3008 1814 3052 sceleratum
1855 3007 1894 3052 se
1927 3006 2068 3052 homi·

1244 3079 1338 3109 nem
1359 3075 1400 3109 et
1427 3067 1582 3122 majora
1609 3068 1899 3111 commeritum
1914 3064 2065 3111 fatere-

1244 3132 1330 3175 tur,
1351 3123 1465 3190 Qin
1490 3119 1552 3175 tei,
1582 3125 1737 3182 inquit,
1753 3123 1955 3183 furcifer,
1967 3123 2063 3182 sta-

1243 3181 1318 3224 tim
1337 3196 1427 3226 exis
1443 3181 1557 3225 navi
1572 3182 1696 3239 regia
1722 3192 1834 3234 ante,
1851 3196 1977 3241 quam
1994 3181 2065 3226 bo-

1242 3254 1313 3284 nos
1343 3240 1431 3284 illos
1458 3247 1519 3297 ‚tot
1551 3241 1671 3284 viros
1703 3240 1806 3284 mihi
1831 3239 2066 3299 contagione

1239 3297 1328 3356 ipsa
1348 3306 1598 3355 corrumpas.
1630 3299 1752 3342 Add.
1775 3299 1838 3342 ad·
1853 3315 1898 3355 9,
1919 3313 1964 3352 2,
1985 3311 2060 3351 27.

1302 3370 1373 3412 55.
1412 3357 1519 3414 quod
1545 3357 1594 3400 C.
1627 3357 1796 3410 Verres]
1837 3354 1906 3400 Ex
1935 3358 2060 3400 Orat.

1239 3429 1313 3471 pro
1343 3414 1510 3457 Cluent.
1542 3429 1582 3458 c.
1617 3429 1687 3469 33.
1719 3413 1918 3458 Alterum
1947 3416 2061 3458 Ora-

1237 3480 1344 3515 tores
1375 3471 1462 3530 ‹m'st
1483 3472 1571 3526 jam
1605 3471 1844 3518 laudaverat
1873 3474 1995 3532 supra
2024 3472 2058 3517 s.

1239 3545 1313 3583 20,
1333 3531 1408 3575 ubi
1426 3530 1515 3574 vid.
1536 3539 1627 3576 not.
