2320 4030
675 302 954 354 1Ns‘r1‘r.
993 302 1330 353 ORATOR.
1367 302 1504 354 Lm.
1537 303 1652 355 ΧΠ.
1685 294 1735 370 9.
1948 320 2043 379 327

319 433 636 508 agnitione¹
675 439 819 509 figna
859 438 1162 510 frequenter
1206 437 1479 492 invenies:
1569 460 1675 505 uae,
1716 439 1805 493 nifi
1828 449 1854 473 ²
1895 439 2042 496 domi

315 506 616 575 excusseris,
641 509 693 561 in
722 510 838 563 foro
876 510 1145 581 inopinata
1169 508 1473 580 decipient:
1514 528 1549 582 p
1573 511 1732 582 usque
1770 513 2039 566 nocebunt

314 575 581 644 destituta,
609 600 769 652 quam
800 599 922 633 non
963 580 1203 652 promissa
1241 579 1550 635 nocuiss'ent.
1624 582 1802 635 Multa
1849 583 2032 651 etiam,

313 666 435 719 quae
459 649 698 723 litigator
719 651 852 704 nihil
878 651 946 703 ad
973 651 1194 704 caussam
1232 651 1491 721 pertinere
1527 651 1829 717 crediderit,
1853 664 2032 724 patro-

315 737 417 771 nus
454 734 605 774 eruet
624 731 660 787 ³,
701 722 864 776 modo
902 741 996 793 per
1035 740 1241 787 omne8‚
1278 740 1415 793 quos
1457 722 1775 776 tradidimus
1796 726 1840 789 b,
1866 743 2030 797 argu-

229 799 295 851 ¹4
315 801 616 845 mentorum
654 793 802 846 locos
839 805 958 846 eat:
999 811 1134 864 quos
1164 802 1228 845 ut
1251 792 1682 864 circumspectare
1716 794 1772 846 in
1799 795 2030 866 agendo,

312 870 369 913 et
388 871 649 916 attentare
683 865 915 935 fingulos
939 864 1161 916 minime
1195 864 1460 931 convenit,
1489 875 1702 946 propter
1723 883 1854 936 quas
1889 865 2029 919 dixi-

310 949 434 985 mus
459 933 685 999 caufl‘as3
725 935 800 987 ita
826 935 878 988 in
905 934 1188 988 discendoc
1227 934 1403 987 rimari
1427 935 1762 990 necessarium
1790 937 1881 1001 est,
1908 955 2029 1009 quae

302 1004 542 1075 persbnae,
569 1025 689 1077 quae
716 1015 807 1059 tem
842 1027 946 1071 ora,
971 1025 1092 1076 quae
1113 1007 1133 1038 ‘¹
1159 1005 1283 1070 loca,
1309 1005 1550 1077 instituta,
1578 1006 1911 1079 instrumenta,
1940 1026 2030 1062 ce-

309 1084 528 1145 teraque
548 1085 589 1142 ⁶,
614 1095 681 1130 ex
703 1077 796 1150 qui
837 1097 900 1131 us
924 1095 1031 1130 non
1057 1086 1264 1129 tantum
1288 1076 1444 1143 illud,
1469 1078 1618 1159 quod
1652 1078 1723 1132 est
1757 1079 2029 1133 artificiale

307 1146 636 1216 probationis
658 1166 852 1220 genuS‚
878 1147 1062 1230 colligi
1096 1148 1267 1220 poflit,
1293 1146 1379 1200 sed
1415 1167 1508 1220 qui
1544 1149 1820 1203 metuendi
1852 1151 2027 1217 testea,

306 1234 420 1287 quo
443 1217 607 1272 modo
635 1219 734 1272 {int
764 1218 1054 1273 refellendt.
1127 1221 1272 1272 Nam
1305 1219 1595 1290 plurimum
1627 1219 1805 1284 refert,
1832 1219 2031 1276 invidia

306 1303 448 1354 reuS,
475 1307 543 1341 an
564 1291 582 1324 f
614 1291 763 1357 odio,
797 1309 864 1343 an
906 1301 1184 1343 contemtu
1222 1289 1460 1343 laboret:
1499 1309 1728 1362 quorum
1764 1291 1872 1345 fere
1907 1311 2027 1363 pars

306 1357 479 1429 prima
500 1359 805 1431 superioreS,
832 1362 1071 1433 proxima
1091 1379 1258 1433 petreii,
1283 1361 1438 1415 tertia
1468 1361 1782 1416 humiliores
1813 1363 2027 1434 premit.

218 1436 282 1494 15
307 1428 398 1483 Sic
434 1432 655 1485 cauffam
698 1432 1064 1504 perscrutatuS,
1104 1431 1376 1504 propofitis
1418 1443 1542 1486 ante
1583 1434 1807 1486 oculosss
1845 1434 2024 1486 omni-

305 1500 427 1566 buS,
451 1519 572 1572 quae
646 1506 820 1568 rofint‚
848 1515 1157 1569 noceantve,
1183 1503 1394 1556 tertiam
1420 1503 1670 1574 deinceps
1691 1505 1713 1537 ¹¹
1749 1505 2022 1576 personam

303 1570 493 1626 induat
519 1523 743 1647 juciiciS‚
776 1577 1048 1647 fingatque
1089 1575 1228 1647 apud
1265 1574 1317 1628 se
1358 1574 1447 1647 agi
1485 1575 1735 1640 cauffam,
1767 1586 1842 1640 et,
1879 1577 2026 1647 quod

303 1641 476 1713 ipsum
531 1647 769 1700 moviffet
815 1647 882 1699 de
942 1646 1130 1699 eadem
1182 1664 1238 1699 re
1286 1645 1771 1718 pronuntiaturum,
1821 1646 1878 1700 id
1925 1665 2023 1720 po-

303 1715 669 1782 tentiffimum,
695 1718 832 1789 apud
854 1735 1252 1790 quemcumque
1275 1726 1466 1800 agetur
1483 1717 1517 1784 ¹,
1545 1717 1838 1772 existimet:
1879 1729 1934 1772 et
1960 1719 2028 1773 fic

302 1802 427 1838 eum
454 1805 570 1840 raro
592 1787 742 1842 fallet
763 1799 1005 1855 eventus,
1030 1799 1124 1842 aut
1147 1788 1303 1860 culpa
1315 1787 1515 1861 judicis
1539 1789 1659 1843 erit.
1939 1839 1945 1844 .

377 1858 478 1912 IX.
504 1860 645 1914 Quae
670 1860 768 1914 fint
788 1862 799 1894 ¹
822 1861 878 1913 in
903 1860 1117 1932 agendo
1139 1860 1404 1923 servanda,
1426 1869 1544 1912 toto
1567 1858 1676 1914 fere
1701 1878 1857 1932 opere
1875 1860 2022 1914 exse-

302 1929 416 1982 cuti
441 1930 619 1983 sumus
641 1951 655 1984 τ
683 1950 852 2003 pauca
874 1942 1051 1986 tamen
1073 1930 1280 2004 propria
1302 1930 1463 2002 hujus
1485 1930 1612 1998 loci,
1633 1950 1754 2003 quae
1777 1950 1885 1984 non
1911 1942 2024 1987 tam

299 1999 516 2054 dicendi
541 2012 669 2067 arte,
695 2022 857 2074 quam
892 2002 1078 2056 officiis
1113 2021 1143 2055 a
1183 2003 1310 2055 endi
1347 2002 1711 2067 continentur,
1737 2002 2023 2075 attingam.

298 2070 445 2124 Ante
481 2074 679 2142 omnia,
706 2093 792 2138 ne,
822 2073 967 2146 quod
999 2022 1257 2147 pleriffiue
1294 2072 1507 2140 accidit,
1533 2074 1600 2127 ab
1625 2073 1859 2127 utilitate
1898 2092 2025 2127 eum

249 2153 279 2194 2
300 2142 485 2195 cauffae
509 2144 778 2214 praesentis
806 2145 1001 2216 cupido
1027 2145 1199 2198 laudis
1221 2145 1472 2199 abducat.
1544 2145 1691 2199 Nam
1723 2162 1803 2198 υτ
1829 2164 2023 2217 geren-

298 2213 445 2266 tibus
470 2215 614 2268 bella
636 2235 742 2269 non
770 2217 973 2288 semper
996 2216 1258 2270 exercitus
1288 2234 1380 2288 per
1409 2215 1567 2288 plana
1599 2226 1657 2270 et
1681 2234 1892 2269 amoena
1917 2216 2022 2269 du-

298 2284 500 2339 cendus
531 2287 622 2352 est,
649 2286 736 2340 sed
771 2287 1000 2341 adeundi
1039 2288 1351 2360 plerumque
1389 2287 1553 2358 asperi
1591 2285 1777 2353 collexi,
1805 2305 2019 2360 expug-

299 2355 487 2409 nandae
517 2357 780 2425 civitateS,
809 2358 1154 2432 quamlibet¹¹²
1186 2358 1409 2431 praecifis
1445 2358 1703 2430 impofitae
1739 2358 1956 2431 rupibus
1976 2371 2021 2427 ¹¹,

283 2507 287 2510 ’
353 2504 378 2528 ⁸
404 2500 597 2549 agnitiore
614 2502 668 2540 G.
695 2501 872 2552 agnitore
889 2499 1009 2540 Salm.
1029 2499 1057 2540 I.
1077 2514 1111 2541 c.
1130 2500 1226 2554 quod
1233 2499 1358 2550 probo.
1484 2506 1508 2528 ²
1534 2499 1576 2538 ni
1598 2499 1650 2538 G.
1776 2504 1794 2527 ²
1824 2498 1948 2538 seruet
1967 2500 2020 2539 G.

300 2549 320 2577 ⁸
352 2554 546 2594 tradimus
562 2556 668 2594 Jens.
776 2561 791 2580 ²
824 2555 996 2594 dicendo
1015 2555 1068 2594 G.
1177 2554 1194 2578 ⁴
1227 2563 1267 2593 et
1287 2554 1338 2593 G.
1446 2558 1462 2578 ²
1495 2562 1624 2592 cetera
1643 2553 1693 2591 G.
1713 2553 1819 2593 Jens.
1926 2552 1943 2578 f
1971 2565 2019 2592 ac

296 2607 404 2647 Jens.
532 2615 550 2639 ⁸
581 2608 709 2648 oculis
729 2608 780 2648 G.
799 2609 905 2648 Jens.
938 2609 1127 2647 Nimirum
1144 2616 1237 2648 ante
1253 2617 1318 2659 pro
1337 2606 1511 2645 adverbio
1529 2606 1696 2647 habuere.
1824 2606 1844 2631 ¹⁸
1876 2607 2020 2646 deinde

294 2661 444 2754 {iniis-G.
462 2659 684 2754 Jezri-igitur
701 2663 753 2702 G.
862 2663 871 2687 ¹
903 2661 994 2702 sunt
1010 2662 1116 2702 Jens.
1239 2667 1270 2687 ¹¹¹
1302 2670 1504 2713 quantum
1522 2660 1620 2700 libet
1639 2661 1691 2701 G.
1818 2665 1837 2684 '¹
1871 2662 2022 2700 monti-

288 2806 464 2863 privati
478 2811 706 2851 contradus
747 2807 974 2865 cripturam
992 2807 1115 2850 conti·
1192 2809 1385 2864 pertusae,
1418 2821 1471 2851 ac
1501 2815 1566 2849 ter
1593 2805 1673 2849 Iino
1698 2813 1778 2862 per
1796 2806 2019 2862 foramina

296 2873 406 2916 nent,
441 2865 631 2909 adhibitis
659 2809 815 2925 teytssbus
847 2866 910 2909 ita
934 2865 1114 2923 signari,
1198 2867 1387 2922 trcq'ello,
1409 2863 1722 2920 olfignarentur.

296 2931 343 2965 ut
371 2922 415 2965 in
432 2926 597 2982 stimma
624 2923 826 2981 marginis
854 2925 916 2967 ad
940 2924 1116 2966 mediam
1260 2939 1329 2977 13.
1355 2923 1564 2966 turbatam
1583 2923 1742 2977 ceram]
1767 2922 2017 2981 Exemplum

287 2988 455 3038 partem
477 2982 720 3039 perfhratae‚
740 2981 893 3038 triplici
918 2981 997 3024 lino
1023 2997 1113 3024 con·
1197 2981 1360 3039 elegans
1401 2982 1513 3038 apud
1557 2981 1653 3023 Cic.
1695 2983 1814 3024 Verr.
1856 2997 1901 3031 2,
1942 2984 2016 3033 76,

278 3039 561 3096 stringantur,
593 3048 714 3097 atque
741 3039 957 3104 impositum
989 3040 1115 3096 (quid
1198 3041 1298 3081 Cum
1315 3040 1410 3095 jam
1437 3038 1480 3081 in
1508 3036 1696 3081 manibus
1713 3038 1874 3081 tabulas
1892 3037 2016 3080 habe-

295 3096 322 3139 fi
344 3097 538 3154 impofirae
556 3098 593 3153 ?)
614 3101 749 3156 supra
767 3097 893 3140 linum
911 3112 1012 3140 cerae
1026 3097 1114 3162 fig·
1196 3111 1346 3146 remus,
1393 3104 1556 3154 repente
1604 3095 1814 3154 aspicimus
1869 3095 2018 3139 lituras

293 3169 352 3198 na
370 3154 673 3211 imprimantur,
692 3163 738 3197 ut
755 3154 975 3198 exteriores
980 3157 1114 3213 scrip-
1195 3153 1397 3256 e'ty‘modi,
1417 3154 1533 3211 quast
1545 3155 1730 3219 quaedam
1749 3153 1927 3196 vulnera
1946 3162 2018 3196 ta-

291 3220 402 3255 turae
408 3213 536 3269 fidem
553 3212 938 3312 interioriservent.
985 3212 1118 3255 Aliter
1196 3170 1243 3254 bre
1256 3212 1393 3256 tarum
1411 3221 1605 3255 recentia.
1639 3211 1789 3254 Statim
1788 3211 2017 3276 stffidone

291 3270 441 3314 tabule
472 3270 650 3326 prolatae
687 3270 731 3313 ni
757 3270 791 3314 il
824 3269 1012 3313 momenti
1043 3269 1115 3312 ha·
1196 3269 1344 3326 qffenfi,
1383 3270 1442 3312 ad
1476 3284 1528 3312 ea
1564 3269 1604 3326 ip
1624 3285 1651 3310 a
1689 3283 1852 3312 nomina
1889 3268 2015 3311 oculos

293 3328 403 3371 hent.
428 3329 566 3384 (Edit.
590 3329 790 3385 Lugdun.
809 3329 958 3372 Batav.
986 3331 1112 3380 1671.
1198 3328 1452 3386 animumque
1479 3334 1594 3426 trarlts
1609 3326 1755 3370 alimus
1775 3329 1854 3371 διε.
1881 3326 2019 3384 legen-

296 3387 365 3441 8.)
406 3388 505 3429 Vid.
529 3386 644 3444 plena
674 3401 799 3429 manu
816 3386 885 3428 ista
916 3385 1116 3429 illustran-
1197 3386 1278 3428 dus
1297 3387 1407 3428 enim
1428 3396 1539 3428 totus
1574 3400 1692 3427 ocus.

294 3453 355 3485 tes
376 3444 487 3486 viros
516 3444 658 3486 doc'tos
679 3445 728 3486 ad
751 3444 820 3486 illa
841 3445 1007 3486 Sueten.
1032 3444 1116 3485 Ne·
1262 3458 1331 3495 ¹4·
1363 3457 1464 3500 quas
1491 3442 1692 3495 diximus]
1726 3443 1855 3499 Supra
1882 3458 1921 3497 5,
1947 3457 2018 3492 ιο,

294 3515 384 3543 ron.
407 3516 447 3543 c.
477 3517 544 3553 17,
576 3502 788 3559 Adversus
802 3500 1005 3559 falsarios
1021 3509 1117 3543 tunc
1202 3516 1304 3543 122.
1325 3502 1388 3558 sq.
1410 3500 1529 3545 Add.
1555 3501 1650 3544 Cic.
1670 3499 1722 3543 de
1742 3503 1864 3544 Orat.
1888 3516 1929 3552 ι,
1944 3516 2015 3555 34.

287 3558 467 3615 primum
507 3566 726 3617 repertum,
765 3574 814 3603 nc
852 3558 1004 3602 tabula
1047 3558 1118 3614 nist

1216 3632 1315 3682 *14
