2320 4030
351 335 455 385 334
743 317 821 369 M.
855 315 1067 367 FABH
1104 314 1696 368 QUINCTILIANI

349 455 432 509 At
471 454 559 507 Μ.
599 452 841 516 Tullium,
878 472 984 507 non
1025 452 1178 507 illum
1222 452 1484 507 habemus
1519 452 1900 526 Euphranorem
1937 455 2076 512 circa
2099 475 2166 518 12

349 525 585 609 plurium
621 525 815 578 artium
841 524 1035 597 species
1059 525 1409 596 praestantem,
1434 522 1524 577 sed
1558 521 1616 576 in
1654 525 1928 593 omnibus,
1954 547 2076 600 quae

348 617 407 651 m
441 614 655 668 quoque
691 595 988 662 laudantur,
1017 594 1507 649 eminentiffimum.
1581 594 1762 649 Quem
1802 607 1980 650 tamen
2019 610 2078 654 et

348 669 565 722 suorum
602 666 848 719 homines
885 677 1188 739 temporum
1224 665 1472 722 inceffere
1506 664 1771 720 audebant
1806 679 1868 721 ut
1908 669 2073 722 tumi-

347 738 575 804 diorem,
601 749 657 792 et
679 738 953 804 Asianum,
978 749 1034 791 et
1057 735 1465 802 redundantem,
1494 746 1549 790 et
1578 737 1631 789 in
1670 738 2076 820 repetitionibus

347 809 600 875 nimium,
627 818 682 862 et
713 808 768 861 in
799 809 993 862 salibus
1018 806 1306 878 aliquando
1327 805 1605 880 frigidum,
1629 818 1686 861 et
1718 828 1774 862 1n
1812 811 2072 883 compofi-

347 881 496 934 tione
533 879 777 943 fractum,
803 878 1175 943 exsultantem,
1207 896 1270 931 ac
1311 896 1447 950 pene
1491 878 1659 950 (quod
1696 880 1880 951 procul
1917 882 2067 952 abfit)

347 951 463 1004 viro
495 949 817 1004 molliorem.
891 951 1069 1004 Postea
1105 967 1229 1002 vero
1265 967 1424 1020 quam
1464 948 1778 1004 triumvirali
1812 953 2069 1026 proscrip-
2097 970 2160 1027 13

346 1022 496 1076 tione
539 1021 847 1075 consumtus
885 1022 977 1087 est,
1003 1020 1182 1092 paffim
1224 1020 1319 1092 qui
1352 1018 1596 1086 oderant,
1622 1022 1714 1093 qui
1742 1021 2071 1092 invidebant,

344 1093 440 1165 qui
483 1092 889 1159 aemulabantur,
931 1091 1233 1145 adulatores
1278 1091 1438 1144 etiam
1481 1092 1750 1163 praesentis
1794 1095 2071 1174 potentiae,

346 1183 456 1218 non
499 1163 864 1235 responsurum
900 1161 1219 1218 invaserunt.
1293 1162 1392 1215 Ille
1429 1173 1630 1229 tamen,
1664 1164 1756 1245 qui
1783 1163 2002 1248 jejunus
2039 1186 2074 1222 a

345 1235 659 1307 quibusdam
693 1247 749 1289 et
778 1234 954 1288 aridus
986 1235 1233 1299 habetur,
1259 1252 1368 1286 non
1400 1232 1553 1287 aliter
1586 1234 1655 1288 ab
1685 1236 1803 1305 ipfis
1839 1236 2072 1292 mimicis

344 1307 484 1360 male
525 1307 727 1372 audire,
752 1325 916 1378 quam
958 1304 1137 1359 nimiis
1179 1304 1402 1358 floribus
1437 1316 1495 1358 et
1531 1304 1738 1378 ingenii
1778 1307 2070 1378 affluentia,

343 1378 539 1450 potuit.
614 1378 821 1432 Falsum
847 1389 1138 1450 utrumque
1147 1397 1163 1442 3
1190 1376 1280 1430 sed
1304 1386 1482 1429 tamen
1509 1375 1602 1430 illa
1626 1377 1922 1432 mentiendi
1939 1397 2068 1462 pro-

343 1449 461 1520 pior
502 1449 720 1503 occafin.
794 1448 1062 1521 Praecipue
1100 1466 1226 1501 vero
1261 1447 1550 1520 presserunt
1585 1465 1733 1514 eum,
1772 1449 1865 1520 qui
1903 1450 2068 1505 videri
2095 1467 2163 1521 14

344 1521 656 1574 Atticorum
693 1520 987 1573 imitatores
1011 1519 1390 1591 concupierant
1410 1527 1452 1570 2.
1528 1520 1665 1572 Haec
1689 1538 1899 1586 manuS,
1924 1523 2068 1595 quafi

382 1591 658 1660 uibu‘sdam
683 1591 838 1644 sacris
860 1591 1031 1658 initia,
1056 1601 1118 1644 ut
1137 1602 1153 1624 ¹
1177 1589 1557 1662 alienigenam,
1582 1601 1639 1644 et
1663 1591 1833 1644 virum
1850 1601 1866 1625 ¹
1888 1592 2067 1665 super-

341 1610 619 1730 Ritiosurr„
644 1663 1059 1736 devinctumque
1083 1661 1192 1715 illis
1215 1660 1427 1734 legibus
1451 1660 1870 1735 insequebaturt.
1945 1666 2064 1718 Un-
2093 1676 2158 1737 15

957 1813 974 1835 r
1000 1805 1065 1845 vel
1085 1807 1135 1846 G.
1283 1811 1298 1831 ·
1329 1817 1473 1857 pamm
1491 1805 1694 1845 statiosum
1716 1807 1760 1846 V.
1783 1806 1830 1848 0.
1848 1807 1953 1849 Alta.
1980 1821 2068 1850 me·

397 1812 418 1839 ‘³
450 1807 743 1857 concupierunt
761 1807 814 1847 G.

931 1861 945 1884 ²
976 1859 1283 1911 insequebantur
1301 1861 1406 1900 Jens.
1425 1873 1494 1898 non
1512 1859 1620 1901 male.
1642 1861 1798 1914 Syngfis.

344 1868 498 1900 trorum
517 1862 710 1913 superstit.
729 1861 822 1902 Obr-

1245 2012 1383 2047 autem
1402 2003 1598 2062 quasdam
1616 2001 1784 2056 referas,
1804 2006 1916 2064 quod
1946 2007 2066 2065 paul·
2115 2017 2117 2019 '

1244 2062 1286 2104 lo
1314 2074 1406 2106 ante
1433 2063 1485 2106 de
1513 2063 1654 2107 eodem
1682 2063 1856 2116 dicitur,
1885 2065 2065 2108 Accum-

1244 2120 1326 2164 tius
1353 2122 1552 2178 quoddam
1578 2120 1735 2165 dicendi
1767 2131 1807 2165 et
1835 2123 2065 2182 exquilitius

329 2178 550 2238 stitiqsum]
571 2179 867 2237 Alienigenam‚
885 2180 1054 2222 minime
1074 2180 1162 2222 At-
1241 2178 1456 2234 adferebat
1482 2194 1613 2236 genus
1628 2197 1641 2223 .-
1682 2180 1788 2238 quod
1813 2195 2063 2240 quamquam

343 2239 492 2290 ticum,
513 2239 575 2281 std
597 2239 764 2282 alterius
796 2239 954 2295 generis
974 2253 1024 2280 ex
1043 2237 1159 2280 Afia.
1229 2237 1411 2296 scienter
1437 2237 1718 2296 eleganterque
1747 2239 1978 2290 sraelahat,
1998 2241 2063 2283 ni-

345 2297 420 2339 Sed
449 2298 554 2354 quid
587 2297 661 2340 fibi
693 2297 787 2340 vult
806 2295 1118 2354 superstitiosum
1133 2294 1162 2338 ἔ
1243 2295 1370 2338 mium
1399 2304 1536 2338 tamen
1566 2295 1773 2354 inquirens
1789 2296 1842 2340 rin
1854 2299 1921 2355 se,
1940 2306 2064 2356 atque

344 2355 548 2399 Veniebat
582 2357 626 2398 in
659 2366 852 2405 mentem,
878 2354 1165 2412 steperstitiosos
1242 2353 1322 2412 ipse
1342 2355 1432 2412 fl’se
1463 2354 1700 2413 olfimam,
1729 2359 1976 2415 metuensque
2012 2373 2063 2400 ne

343 2413 397 2456 ab
430 2428 479 2456 eo
509 2414 620 2471 quod
644 2414 866 2472 superstat,
896 2413 1081 2471 superest,
1117 2427 1162 2455 a·
1242 2411 1437 2471 ‘vitiosum
1479 2411 1696 2469 colligeret,
1734 2411 1861 2456 etiam
1907 2428 2062 2458 verum

405 2020 425 2048 1
438 2020 478 2059 3.
499 2004 633 2048 nimiis
637 2004 831 2062 floribus]
861 2005 1070 2063 Compara
1091 2021 1108 2048 ι
1118 2020 1162 2057 0,

348 2066 477 2116 1‚62,
498 2074 537 2106 et
551 2064 653 2107 adde
665 2064 716 2107 de
733 2064 930 2106 Cicerone
950 2079 1018 2114 12,
1035 2079 1160 2113 μη.

408 2136 479 2174 14.
500 2120 783 2179 alienigenam,
806 2130 847 2164 et
862 2120 1163 2188 virurnsuper-

343 2473 519 2523 bundat,
547 2472 679 2515 dictos
709 2473 836 2515 videri
868 2472 1023 2520 Servio,
1048 2471 1160 2526 quod

342 2532 493 2587 probat
507 2532 548 2573 in
561 2530 926 2588 Etymologico‘G.
934 2531 955 2572 Ι
963 2528 1159 2573 Nomas.

343 2589 460 2648 Qid
481 2588 507 2632 fi
529 2589 659 2647 igitur
666 2587 973 2648 superstitioficm
991 2601 1162 2630 vocave-

343 2649 425 2690 rint
455 2648 532 2690 hoc
553 2647 662 2689 sensu
693 2648 950 2696 Ciceronem,
971 2645 1015 2687 h.
1037 2659 1074 2687 e.
1099 2646 1163 2688 ni-

343 2707 423 2748 mis
456 2706 749 2754 abundantem,
777 2713 816 2747 et
852 2704 962 2746 ultra
990 2703 1163 2746 modum

342 2765 506 2821 plenum
527 2770 542 2807 ἓ
591 2763 667 2805 Sed
696 2763 753 2804 ita
773 2776 854 2804 non
873 2761 1083 2819 respondet
1101 2761 1161 2803 al-

342 2833 476 2865 terum
499 2821 601 2864 illud
622 2821 859 2864 devinam
877 2818 1044 2876 legibus.
1080 2819 1160 2862 Ni-

344 2879 403 2923 hil
442 2881 582 2937 itaque
619 2879 716 2921 novi
755 2879 905 2921 ree'tius
944 2892 1008 2927 ec,
1047 2878 1161 2934 quod

341 2938 643 2980 celeberrimus
683 2935 946 2979 Burmannus
982 2937 1158 2986 monuit,

343 2997 424 3053 legi
464 2995 566 3054 poss‘e
603 3003 644 3037 et
674 3002 827 3051 parum
851 2993 1161 3052 fiaperstitirfiam

343 3057 425 3097 διε.
469 3055 679 3096 Nimirum
701 3052 844 3095 Attici
865 3051 942 3101 illi,
962 3051 1038 3108 qui
1056 3051 1160 3094 solos

342 3114 377 3155 se
399 3114 475 3155 hoc
496 3111 659 3153 nomine
686 3110 770 3153 dici
789 3110 998 3160 volebant,
1011 3110 1160 3167 super-

328 3170 472 3228 stitiost
498 3178 610 3212 erant
632 3178 671 3211 et
688 3167 876 3211 devincti
896 3167 1158 3224 quibusdam,

341 3244 446 3286 quas
495 3229 710 3276 finxerant,
758 3226 922 3269 dicendi
974 3225 1156 3283 legibus.

342 3289 423 3330 His
437 3294 589 3344 parum
607 3284 748 3328 similis
766 3293 852 3326 erat
868 3284 1033 3326 Cicero.
1054 3284 1160 3326 Pro-

339 3347 485 3387 bemus
506 3343 608 3386 illud
627 3358 675 3386 ex
693 3342 862 3385 laudato
878 3341 1001 3384 modo
1020 3341 1159 3383 Tullii

341 3404 491 3452 Bruto,
511 3417 550 3445 c.
573 3404 645 3451 82,
671 3401 746 3443 ubi
773 3400 825 3442 de
859 3398 1006 3450 Cal-vo,
1024 3398 1095 3456 qui
1110 3401 1161 3456 se

343 3459 519 3503 Atticum
552 3458 632 3502 dici
668 3457 853 3508 volebat,
889 3457 975 3512 ejus
1009 3457 1158 3507 oratio,

343 3519 497 3575 inquit,
516 3515 646 3560 nimia
672 3515 863 3571 religione
892 3516 962 3570 (ea
991 3515 1158 3571 quidem

340 3576 391 3618 est
407 3574 654 3632 superstitio)
678 3581 909 3615 attenuata.
960 3572 1036 3615 Ad
1055 3571 1158 3630 leges

1229 2470 1476 2529 sanguinem
1493 2470 1752 2527 deperdebat.
1795 2472 1919 2523 Item,
1940 2474 2062 2516 Sani-

1242 2537 1387 2580 tatem,
1416 2537 1458 2570 et
1492 2527 1785 2585 integritatem,
1817 2529 1930 2588 quast
1963 2531 2061 2574 reli-

1236 2586 1397 2643 gionem
1414 2594 1455 2628 et
1471 2586 1764 2630 verecundiam
1782 2589 1973 2646 probant,
1994 2589 2060 2632 sed

1243 2645 1435 2688 incidunt
1465 2646 1509 2687 in
1542 2659 1672 2702 genus
1693 2645 1904 2701 frustum,
1927 2645 2059 2690 minu-

1243 2710 1347 2754 tum,
1383 2701 1427 2745 in
1465 2702 1551 2761 ipsa
1588 2703 1853 2747 concinnitate
1882 2704 2057 2761 puerile.

1242 2760 1453 2804 Ponamus
1484 2760 1610 2804 etiam
1641 2777 1691 2804 ex
1719 2763 1840 2805 Orat.
1864 2765 1908 2813 ⁸,
1937 2764 2060 2806 Atti-

1243 2833 1384 2862 corum
1405 2818 1518 2862 illam
1546 2821 1744 2862 rationem
1774 2835 1870 2863 cum
1899 2820 1970 2863 suo
1988 2837 2059 2864 ex-

1243 2877 1346 2920 ceffu
1384 2876 1448 2920 vel
1488 2877 1532 2920 in
1579 2892 1753 2934 pravum
1799 2877 2022 2922 deflexione
2044 2898 2056 2922 a

1242 2933 1533 2988 Atheniensium
1557 2938 1721 2993 semper
1753 2935 1848 2990 fuit
1877 2938 2059 2993 prudens

1227 2992 1507 3051 sincerumque
1528 2992 1924 3049 judicium—emm
1963 2995 2058 3038 neli-

1240 3052 1357 3108 gioni
1372 3051 1656 3109 cunserviret
1667 3060 1902 3095 orator—c.
1917 3057 1959 3095 8.
1981 3054 2056 3097 Ad

1242 3109 1465 3152 Atticorum
1481 3122 1602 3152 aures
1620 3117 1764 3152 teretes
1789 3117 1830 3153 et
1847 3109 2057 3168 religiosas

1239 3166 1373 3224 quise
1404 3169 1715 3218 accommodant,
1740 3166 1772 3210 ii
1790 3169 1892 3225 sunt
1919 3167 2057 3227 existi-

1240 3225 1384 3267 mandi
1408 3225 1541 3268 Attice
1557 3224 1706 3267 dicere.
1758 3227 1826 3268 Ita
1853 3234 1990 3269 tenues
2016 3235 2058 3269 et

1237 3280 1534 3340 circumspeelos
1571 3298 1669 3325 mox
1704 3293 1825 3326 vocat
1854 3284 1984 3326 noster
2021 3286 2053 3327 s.

1242 3354 1315 3394 ²3·
1365 3341 1471 3383 Haec
1503 3342 1579 3398 qui
1612 3340 1854 3398 sequuntur,
1885 3343 1927 3384 in
1966 3342 2056 3385 haec

1240 3399 1315 3454 qui
1334 3399 1540 3449 incidunt,
1561 3399 1612 3441 iis
1633 3399 1781 3442 Cicero
1809 3398 2054 3456 alienigena,

1233 3462 1388 3512 parum
1407 3455 1712 3514 steperstitiosus,
1724 3464 1876 3522 parum
1905 3456 2057 3517 legibus

1241 3513 1323 3557 illis
1345 3514 1424 3557 suis
1443 3514 1661 3558 devindius
1678 3515 1866 3559 wdetur.
