2320 4030
576 335 861 388 1NsT1T.
895 336 1232 387 ORATOR.
1267 337 1404 387 Lm.
1439 320 1555 387 xn.
1597 354 1676 388 10.
1890 352 1986 401 33¹

180 491 244 547 19
266 482 413 539 eunt,
435 473 559 546 pede
572 473 817 544 standum
853 471 934 544 est.
1005 473 1153 526 Nam
1179 491 1304 526 cum
1329 471 1385 525 in
1421 472 1772 544 propositione
1807 492 1869 528 ac
1905 493 1990 528 re-

267 543 530 598 futatione
573 544 745 598 caussa
783 544 1038 609 consistat,
1100 563 1184 597 uae
1220 544 1404 596 nostrae
1477 543 1603 596 artis
1638 544 1778 610 sunt,
1805 545 1996 618 scripta

267 615 369 669 effe
392 616 597 687 possunt
623 636 636 668 :
675 634 797 687 quae
829 614 991 667 etiam
1014 633 1070 668 re
1094 617 1376 685 pensurum
1403 633 1434 666 a
1474 613 1748 668 versarium
1788 627 1996 669 certum

268 686 362 751 est,
416 687 511 754 (est
550 686 696 740 enim
738 685 1024 757 aliquando
1061 687 1290 749 certum)
1379 685 1454 738 ari
1496 703 1623 738 cura
1659 684 1996 740 refelluntur.

269 757 362 811 Ad
385 758 490 810 alia
512 775 678 811 unum
705 770 945 828 paratum
965 765 985 798 Ρ
1022 755 1206 809 afferre
1229 774 1299 828 po
1341 774 1517 821 umus,
1543 766 1607 809 ut
1641 755 1867 809 caussam
1898 758 1996 810 be·-

271 845 340 881 ne
375 827 718 893 noverimus;
755 826 980 880 alterum
1005 825 1080 880 ibi
1103 826 1328 892 sumere,
1353 837 1414 879 ut
1450 825 1718 880 dicentem
1757 827 1996 881 adversa-

182 917 251 957 20
272 898 413 952 rium
435 897 722 971 diligenter
746 897 1040 951 audiamus.
1115 897 1269 951 Licet
1293 910 1472 950 tamen
1497 897 1844 970 praecogitare
1874 898 1997 970 plu·

272 988 347 1035 ra,
374 980 430 1023 et
453 971 691 1022 animum
716 969 785 1022 ad
808 987 993 1022 omnes
1017 968 1164 1022 casus
1183 978 1204 1010 ‘³
1231 986 1548 1039 componere
1569 990 1582 1022 ε
1624 968 1786 1040 idque
1811 971 1883 1022 est
1907 981 1997 1023 tu-

272 1040 379 1094 tius
421 1041 553 1106 stilo,
579 1059 688 1113 quo
726 1040 932 1094 facilius
971 1051 1026 1093 et
1061 1040 1330 1093 omittitur
1365 1039 1641 1112 cogitatio,
1668 1051 1723 1093 et
1746 1041 1999 1094 transfer-

273 1123 380 1166 tur.
455 1112 564 1165 Sed
602 1113 704 1165 five
742 1111 796 1164 in
835 1111 1201 1183 respondendo
1223 1122 1239 1143 ¹
1277 1111 1438 1164 fuerit
1479 1111 1652 1163 subito
1689 1110 1999 1177 dicendum,

272 1183 375 1236 five
399 1202 520 1254 quae
546 1182 648 1236 alia
683 1183 757 1236 ita
792 1183 1032 1254 exegerit
1065 1182 1222 1246 ratio,
1248 1201 1540 1253 numquam
1579 1182 1872 1254 oppressum
1894 1192 1910 1214 ⁸
1949 1184 2002 1236 se

273 1273 335 1307 ac
361 1254 745 1325 deprehensum
770 1254 951 1307 credet
974 1264 1170 1320 orator,
1197 1254 1284 1307 cui
1310 1253 1581 1324 disciplina
1604 1265 1660 1306 et
1694 1253 2004 1308 studium'et

186 1342 248 1382 21
274 1325 584 1379 exercitatio
618 1325 827 1378 dederit
862 1324 997 1378 vires
1032 1325 1194 1378 etiam
1230 1322 1568 1378 facilitatis¹:
1609 1343 1879 1397 quemque
1915 1344 1999 1377 ar-

274 1407 482 1449 matum
507 1397 729 1468 semper,
755 1415 817 1450 ac
852 1395 1001 1450 velut
1035 1397 1090 1449 in
1116 1396 1392 1468 procinctu
1420 1396 1656 1461 stantem,
1684 1414 1790 1448 non
1828 1396 2002 1470 magis

245 1486 530 1539 *umquam
567 1467 623 1520 in
667 1467 852 1522 cauflis
890 1466 1075 1532 orati0‚
1099 1486 1260 1539 quam
1300 1467 1356 1519 in
1393 1467 1553 1521 rebus
1589 1466 1916 1538 quotidianis
1940 1485 2004 1521 ac

273 1537 571 1592 domesticis
608 1538 778 1592 sermo
820 1537 1053 1604 deficiet,
1094 1557 1194 1591 nec
1236 1538 1288 1591 se
1331 1556 1588 1610 umquam
1636 1548 1850 1610 propter
1895 1538 2003 1592 hoc

276 1610 422 1662 oneri
461 1609 734 1663 subtrahet
758 1630 774 1673 3
813 1609 976 1662 modo
1010 1610 1072 1662 fit
1102 1609 1287 1663 cauffae
1312 1608 1576 1663 discendae
1608 1620 1842 1681 tempus,
1879 1628 2004 1663 nam

275 1691 451 1734 cetera
473 1680 675 1752 semper
697 1681 846 1734 sciet.
1402 1721 1404 1724 -

348 1753 420 1804 X.
462 1751 719 1823 Superest,
763 1762 826 1804 ut
867 1750 1041 1804 dicam
1081 1751 1141 1803 de
1180 1771 1363 1823 genere
1412 1752 1665 1804 orationis.
1739 1752 1851 1805 Hic
1893 1762 2006 1806 erat

275 1822 568 1904 propositus
608 1841 641 1875 a
679 1823 833 1876 nobis
872 1822 927 1875 in
963 1822 1213 1876 divisione
1247 1821 1418 1894 prima
1441 1823 1592 1884 locus
1618 1823 1841 1876 tertius:
1883 1842 2007 1877 nam

276 1904 352 1946 ita
374 1893 732 1965 promiseram,
758 1911 847 1947 me
871 1894 940 1947 de
965 1903 1093 1960 arte,
1117 1892 1185 1946 de
1220 1893 1432 1964 artffice,
1458 1894 1527 1947 de
1556 1907 1693 1966 opere
1715 1894 2006 1950 dicturum.

281 1964 424 2017 Cum
451 1964 510 2017 fit
545 1976 727 2018 autem
763 1964 1054 2018 rhetorices
1090 1974 1253 2036 atque
1276 1965 1496 2019 oratoris
1522 1982 1655 2036 opus
1681 1966 1856 2030 cratia,
1881 1966 2007 2037 plu-

278 2035 466 2108 resque
500 2035 616 2108 ejus
653 2036 860 2101 formae,
888 2036 1017 2092 ficut
1052 2035 1364 2100 ostendam3
1403 2035 1458 2088 in
1502 2035 1755 2089 omnibus
1793 2036 1916 2090 hisu
1955 2048 2010 2090 et

281 2127 368 2159 ars
393 2107 463 2160 est
486 2118 541 2159 et
567 2107 757 2178 artifex
775 2127 792 2159 .-
830 2105 1120 2178 plurimum
1144 2119 1325 2161 tamen
1356 2105 1586 2160 invicem
1611 2107 1884 2173 differunt,
1910 2126 2013 2162 nec

280 2177 452 2230 solum
477 2177 667 2250 specie,
693 2189 755 2231 ut
778 2178 986 2250 signum
1017 2178 1047 2230 fi
1052 2196 1182 2250 gno,
1206 2188 1264 2231 et
1287 2177 1470 2230 tabula
1492 2178 1712 2244 tabulae,
1739 2189 1794 2231 et
1816 2179 2014 2232 actioni

281 2248 459 2315 aet303
498 2249 588 2302 sed
623 2267 819 2321 genere
845 2248 974 2320 ips0,
998 2260 1062 2302 ut
1084 2268 1116 2302 a
1154 2248 1362 2302 Graecis
1395 2249 1704 2302 Tuscanicae
1730 2251 1929 2316 statuae,
1957 2261 2014 2303 et

227 2344 261 2384 2
283 2319 506 2374 Asianus
543 2320 799 2402 eloquens
834 2320 1042 2374 Attico·
1117 2320 1254 2374 Suos
1289 2330 1470 2372 autem
1505 2320 1623 2374 haec
1649 2338 1871 2392 operum
1910 2340 2012 2394 ge-

284 2409 427 2456 nera,
454 2410 577 2473 quae
614 2391 756 2457 dice,
787 2402 846 2444 ut
881 2391 1142 2456 austeres,
1170 2393 1236 2444 fic
1271 2390 1434 2444 etiam
1472 2402 1734 2444 amatores
1770 2378 2012 2446 habent:

283 2472 444 2533 atque
477 2462 600 2514 ideo
640 2462 876 2514 nondum
915 2464 987 2515 est
1022 2461 1292 2533 perfeEtus
1327 2472 1521 2528 orator,
1547 2480 1610 2515 ac
1639 2461 1816 2515 nescio
1841 2481 1907 2516 an
1933 2482 2017 2517 ars

283 2533 414 2598 ulla,
442 2551 550 2585 non
571 2532 741 2585 solum
767 2533 894 2605 quia
917 2533 1062 2585 aliud
1087 2533 1144 2586 in
1169 2532 1273 2586 alio
1297 2533 1470 2605 magis
1506 2533 1728 2598 eminet,
1754 2533 1844 2586 sed
1867 2534 2017 2607 quod

286 2622 397 2657 non
434 2622 541 2657 una
578 2603 831 2656 omnibus
877 2603 1048 2656 forma
1085 2603 1306 2675 placuit,
1342 2603 1534 2675 partim
1580 2603 1889 2658 conditione
1931 2605 2017 2659 vel

285 2685 587 2745 temporum
636 2674 720 2727 vel
766 2674 1029 2740 locorum,
1075 2675 1266 2747 partim
1305 2674 1515 2747 judicio
1558 2675 1808 2747 cujusque
1854 2688 2018 2749 atque

230 2770 261 2824 3
287 2745 571 2816 proposito,
646 2745 827 2810 Primi,
869 2764 1097 2816 quorum
1138 2745 1358 2819 quidem
1402 2763 1562 2817 opera
1599 2765 1707 2798 non
1752 2747 2019 2800 vetustatis

288 2816 452 2869 modo
497 2816 672 2888 gratia
713 2816 924 2870 visenda
971 2816 1092 2883 fint,
1137 2816 1265 2870 clari
1309 2816 1538 2890 pi&0res
1580 2816 1729 2871 fuisse
1765 2817 2020 2872 dicuntur

344 2962 364 2991 P
390 2965 550 3009 partum
567 2960 674 3000 Jens.
783 2965 800 2990 ‘¹
834 2958 988 2998 caussas
1007 2972 1157 3010 expon.
1178 2959 1229 2999 id.
1340 2964 1357 2985 Υ
1387 2960 1667 3012 respondendis
1682 2961 1789 3001 Jens.
1872 2969 1888 2993 ⁸
1917 2961 2020 3014 pres-

291 3011 382 3051 sum
403 3012 454 3052 G.
470 3013 575 3054 Jens.
684 3020 698 3048 t
726 3012 926 3053 facultatis
945 3013 1000 3054 G.
1111 3021 1128 3038 υ
1162 3028 1231 3053 om.
1251 3014 1305 3054 G.

292 3151 405 3187 mus,
443 3136 708 3194 scriptoribus
747 3137 850 3179 hanc
891 3134 1115 3180 formulam
1196 3136 1402 3178 statuariis
1436 3135 1600 3182 Plinius
1635 3137 1753 3181 libris
1787 3154 1841 3192 34
1871 3150 1910 3182 et
1944 3155 1964 3194 3
1975 3155 2016 3194 5,

293 3193 404 3250 legi:
440 3194 504 3237 sed
534 3209 597 3237 res
627 3195 711 3252 ipsa
739 3194 794 3236 est
824 3210 864 3237 v.
887 3209 935 3250 g.
969 3196 1009 3237 in
1031 3196 1114 3238 Co·
1197 3203 1238 3237 et
1267 3209 1317 3237 ex
1351 3194 1644 3238 recentioribus
1678 3197 1749 3239 Fr.
1787 3199 1941 3252 Junius
1976 3199 2018 3240 in

295 3251 461 3294 lumella
498 3267 539 3305 3,
562 3267 634 3301 20,
669 3268 687 3294 1
714 3270 726 3304 ς
769 3252 1037 3295 Providentis
1067 3252 1119 3310 est
1199 3251 1405 3308 Catalogo
1427 3252 1632 3296 artificum
1652 3253 1769 3296 libris
1788 3257 1838 3297 de
1858 3256 2019 3312 pid’tura

295 3309 469 3368 diversa
499 3324 658 3365 genera
694 3312 848 3353 vitium
890 3312 1081 3366 deponere
1103 3330 1115 3352 .·
1202 3310 1430 3364 subjunfim
1462 3311 1643 3368 itemque
1672 3312 1827 3354 David.
1850 3315 2016 3356 Duran-

296 3382 420 3425 neque
439 3367 542 3409 enim
562 3381 739 3424 unquam
756 3366 814 3420 fic
834 3367 946 3409 milis
963 3376 1002 3410 et
1019 3376 1118 3412 tem·
1200 3368 1281 3409 dus
1316 3368 1358 3410 in
1393 3368 1560 3410 Gallica
1594 3384 1642 3411 ex
1676 3369 1813 3411 Plinio
1847 3371 2018 3431 pisiurae

289 3432 462 3479 peratus
495 3425 546 3480 est
577 3440 724 3474 annus,
755 3433 800 3467 ut
833 3424 941 3468 nullo
973 3425 1119 3468 incom-
1201 3425 1383 3468 historia.
1434 3427 1569 3468 Nobis
1608 3438 1721 3468 extra
1753 3426 1862 3470 oleas
1896 3428 2018 3471 Fabii

297 3482 408 3523 modo
428 3491 560 3525 vexet
577 3483 739 3540 aliquod
764 3482 875 3526 vitis
885 3497 1015 3539 genus
1035 3483 1118 3526 διε.
1199 3496 1251 3525 va
1283 3483 1343 3525 ari
1373 3493 1488 3525 tanto
1518 3485 1655 3526 minus
1686 3483 1817 3534 lubet,
1838 3485 1949 3542 quod
1978 3495 2020 3528 et

297 3540 470 3582 Gesner.
1200 3542 1284 3598 ipe
1322 3540 1550 3584 excursione
1587 3543 1726 3598 potius
1765 3543 1834 3584 hic
1869 3544 2018 3595 utitur,

357 3600 416 3650 X,
443 3612 482 3651 3.
514 3596 621 3641 clari
646 3595 845 3654 piliores]
878 3598 942 3641 De
977 3596 1059 3649 his,
1079 3607 1119 3641 et
1201 3612 1328 3656 quam
1349 3599 1392 3642 in
1410 3599 1480 3641 suo
1502 3599 1679 3643 versatur
1698 3614 1832 3659 opere.
