2320 4030
613 322 896 372 INSTIT.
931 321 1266 372 ORATOR.
1300 324 1441 373 LIB.
1466 326 1566 375 DL·
1597 341 1643 377 2.
1922 329 1983 402 δι’

264 456 442 511 iteret:
488 466 551 510 ut
587 470 930 530 argumentum
967 460 1156 512 ratione
1192 458 1450 513 concludat
1468 481 1485 512 .·
1537 471 1596 514 ut
1616 462 1984 536 ‘interrogando

262 539 442 600 urgeat
461 549 478 582 .-
514 537 573 582 ut
612 531 781 609 rursus
815 531 955 602 quasi
975 533 1048 583 ad
1067 531 1372 602 interrogata
1397 531 1497 602 fibi
1528 533 1627 605 ipse
1662 535 1943 614 respondeat
1962 559 1980 590 .-

170 616 238 670 43
263 609 321 652 ut
343 611 532 665 contra,
558 619 618 652 ac
639 600 792 665 dicat,
817 601 973 673 accipi
997 611 1043 652 et
1063 602 1247 673 sentiri
1270 601 1395 654 velit
1411 624 1427 654 .·
1464 613 1521 669 ut
1555 605 1832 671 addubitet,
1859 609 1987 678 quid

252 671 440 743 potius,
468 679 560 724 aut
583 691 675 742 quo
698 673 834 725 'modo
858 671 994 724 dicat
1017 693 1033 725 .-
1070 682 1129 724 ut
1151 672 1355 725 dividat
1377 673 1432 725 in
1458 683 1630 745 partes
1652 695 1665 727 ε
1705 686 1761 726 ut
1784 677 1985 757 aliquid

259 741 528 814 relinquat,
555 762 615 793 ac
636 751 655 774 ⁸
679 741 910 814 negligat
932 763 949 794 .·
985 752 1044 795 ut
1066 753 1182 796 ante
1208 744 1515 816 praemuniat
1532 766 1552 796 .·
1589 755 1647 797 ut
1687 746 1741 798 in
1775 768 1826 800 eo
1861 751 1978 820 ipso,

258 811 316 864 in
348 830 442 884 quo
474 812 857 885 reprehendatur
871 814 914 878 ¹¹,
941 812 1137 886 eulpam
1174 813 1228 866 in
1262 814 1605 886 adversarium
1630 817 1851 888 confierat
1869 840 1886 872 .-
1922 829 1982 872 ut

239 884 387 955 saepe
421 903 528 936 cum
563 883 643 947 iis,
736 883 754 936 i
789 884 1004 936 audiunt
1016 894 1056 950 θ,
1083 903 1448 957 nonnumquam
1481 886 1627 939 etiam
1653 909 1760 940 cum
1795 891 1985 947 adven,

240 953 385 1025 sario
408 953 547 1027 quali
565 903 792 1007 deligi‘ret
811 976 828 1007 .-
864 965 922 1007 ut
944 956 1187 1008 hominum
1213 977 1366 1008 mores
1385 956 1404 988 f
1422 957 1763 1030 sermonesque
1797 961 1857 1012 de
1879 960 1976 1029 cri-

166 1040 239 1093 44
259 1023 378 1077 bat:
415 1035 474 1078 ut
506 1034 648 1078 muta
686 1026 915 1097 quaedam
951 1027 1199 1098 loquentia
1236 1027 1440 1080 inducat
1463 1048 1481 1080 .·
1516 1038 1575 1080 ut
1610 1029 1675 1081 ab
1715 1051 1782 1096 eo,
1806 1033 1979 1103 quod&

257 1096 450 1168 agitur,
476 1105 678 1148 avertat
701 1098 886 1150 animos
906 1119 923 1151 .-
959 1109 1018 1150 ut
1035 1099 1180 1170 saepe
1202 1098 1256 1150 in
1290 1096 1591 1151 bilaritatem
1614 1099 1660 1152 ri
1683 1121 1829 1154 umve
1858 1123 1974 1163 con-

255 1176 425 1219 vertat
440 1189 457 1220 .-
493 1177 552 1219 ut
574 1178 688 1220 ante
712 1178 918 1241 occupet,
946 1170 1079 1241 quod
1098 1169 1308 1222 videath
1331 1169 1503 1241 opponi
1517 1191 1535 1222 .·
1574 1181 1631 1222 ut
1654 1175 1977 1296 eomparefist-

255 1236 557 1291 militudines
577 1275 592 1300 ,
630 1244 710 1291 uti
734 1240 938 1292 utatur¹
965 1239 1192 1312 exemplis
1214 1260 1231 1292 .·
1269 1250 1325 1292 ut
1348 1241 1493 1293 aliud
1514 1241 1607 1293 alii
1633 1242 1845 1295 tribuens
1900 1246 1974 1316 is-

246 1308 438 1382 pertint
456 1331 473 1361 .-
522 1319 580 1362 ut
617 1308 1024 1392 interpellatorem
1065 1321 1273 1364 coerceat
1291 1332 1308 1364 .·
1359 1321 1417 1363 ut
1456 1311 1657 1383 aliquid
1695 1314 1893 1367 reticere
1909 1317 1975 1387 se

253 1379 391 1432 dicat
410 1401 428 1433 .·
453 1390 522 1432 -ut
544 1381 814 1448 denuntiet,
841 1382 966 1454 quid
987 1392 1210 1434 caveatm
1236 1401 1252 1434 .·
1289 1392 1347 1434 ut
1370 1382 1571 1435 liberius
1591 1443 1594 1446 ‚
1631 1383 1723 1436 uid
1752 1386 1937 1439 audeat
1953 1408 1972 1440 .·

252 1457 311 1513 ut
332 1451 578 1532 irascatur
601 1452 748 1504 etiam
767 1473 785 1505 .·
820 1463 878 1505 ut
899 1453 1123 1525 objurget
1146 1452 1417 1526 aliquando
1433 1475 1451 1506 .·
1487 1463 1546 1506 ut
1570 1405 1847 1527 cZeprecetur
1862 1478 1879 1510 ,·
1916 1468 1975 1510 ut

235 1521 487 1595 supplicet
507 1545 525 1576 .-
571 1533 629 1576 ut
663 1525 914 1578 medeatur
935 1545 952 1576 .·
995 1535 1053 1576 ut
1087 1545 1121 1576 a
1153 1525 1391 1598 proposito
1430 1525 1637 1578 declinet
1675 1525 1972 1607 aliquantu-

251 1592 356 1646 lum
373 1614 392 1646 .·
429 1605 487 1646 ut
512 1603 639 1666 optet
657 1615 674 1646 .·
711 1606 770 1648 ut
792 1605 1038 1648 execretur
1054 1616 1071 1648 .·
1106 1606 1166 1649 ut
1169 1596 1284 1668 fiat
1306 1596 1387 1662 iis,
1412 1599 1551 1668 apud
1571 1616 1688 1668 quos
1712 1599 1970 1670 dzeet,fa‘-

159 1681 228 1737 45
251 1663 481 1718 miliaris.
553 1666 722 1738 Atque
755 1666 886 1723 alias
921 1667 1070 1720 etiam
1100 1667 1294 1720 dicendi
1328 1668 1469 1748 quasi
1483 1681 1504 1703 ¹¹
1542 1669 1751 1720 virtutes
1775 1670 1970 1742 sequa-

251 1743 338 1788 tur
355 1755 374 1788 .·
413 1735 723 1804 brevitatem,
741 1737 802 1808 si
820 1757 897 1790 res
917 1740 1048 1811 petet
1067 1760 1084 1791 .·
1104 1739 1248 1812 saepe
1272 1748 1419 1791 etiam
1442 1758 1544 1791 rem
1575 1739 1776 1791 dicendo
1793 1741 1969 1821 sulqji·

248 1807 342 1860 ciet
364 1807 531 1873 oculis,
555 1809 700 1891 saepe
721 1811 887 1882 supra
911 1808 1054 1880 feret
1071 1820 1112 1876 ⁰,
1137 1831 1286 1883 quam
1304 1808 1434 1881 fieri
1462 1809 1605 1882 pqffit
1624 1832 1641 1862 .·
1662 1810 1970 1883 fignficatio

230 1879 376 1951 saepe
417 1878 512 1932 erit
546 1899 720 1954 mayor,
747 1901 896 1962 quam
935 1880 1089 1934 oratio
1110 1903 1126 1935 .·
1160 1883 1303 1954 saepe
1343 1881 1576 1933 hilaritas
1596 1892 1646 1947 P,
1670 1885 1751 1954 sae
1784 1903 1808 1934 e
1847 1884 1974 1936 vitae

246 1960 644 2032 naturarumque
662 1950 880 2005 'imitatio
899 1963 940 2004 q.
1017 1951 1129 2011 Hoc
1163 1953 1217 2004 in
1235 1968 1416 2023 genere
1446 1956 1584 2023 (nam
1619 1973 1716 2025 qua
1737 1973 1754 2005 2
1770 1953 1969 2026 silvam

204 2044 222 2091 ⁸,
246 2021 410 2090 vides)
440 2042 590 2074 omnis
614 2021 802 2076 eluceat
823 2032 1003 2096 oportet
1027 2022 1316 2095 eloquentiae
1329 2023 1647 2095 magnitudo.
1685 2086 1690 2090 .
1940 2093 1944 2096 Δ

319 2093 393 2145 ΙΙ.
427 2094 576 2167 Ergo
601 2094 688 2147 cui
712 2093 873 2147 latius
898 2094 1184 2166 complee'ci
1207 2093 1656 2165 conformationes
1681 2094 1968 2151 verborum

243 2180 308 2216 ac
333 2164 709 2219 sententiarum
747 2164 1022 2237 placuerit,
1050 2165 1232 2232 habet,
1259 2162 1405 2238 quod
1437 2166 1488 2219 se
1529 2177 1720 2219 uatur:
1761 2185 1860 2220 nee
1884 2168 1966 2221 af-

245 2233 452 2289 fi'rma're
476 2236 656 2302 aufim,
681 2236 971 2308 quidquam
997 2236 1097 2290 effe
1120 2238 1312 2298 melius
1332 2258 1349 2305 3
1387 2237 1476 2290 sed
1553 2256 1630 2290 aec
1666 2237 1735 2290 ad
1768 2255 1964 2310 propoe

244 2305 324 2357 fiti
347 2306 459 2363 mei.
478 2307 741 2360 rationem
766 2309 930 2380 legat.
1004 2309 1149 2363 Nam
1184 2308 1321 2361 mihi
1356 2308 1424 2361 de
1461 2307 1546 2362 his
1587 2308 1966 2364 sententiarum

242 2375 431 2458 figuris
456 2377 633 2432 dicere
657 2378 713 2431 in
738 2379 918 2432 animo
939 2380 1030 2445 est,
1059 2399 1179 2452 quae
1204 2381 1271 2433 ab
1296 2380 1391 2433 illo
1421 2379 1643 2450 fimplici
1679 2379 1839 2433 modo
1877 2380 1963 2434 in-

240 2446 453 2502 d1candi
477 2449 772 2506 recedunt:
812 2450 958 2522 quod
990 2449 1132 2503 idem
1157 2451 1343 2506 multis
1376 2450 1682 2505 doe‘tiffimis
1721 2451 1842 2505 viris
1877 2453 1963 2505 vi-

186 2540 219 2580 α
242 2517 346 2572 de'o
366 2521 633 2602 placuiffe.
704 2522 906 2576 Omnia
927 2533 1107 2579 tamen
1131 2522 1244 2588 illa,
1270 2522 1431 2575 etiam
1457 2540 1578 2594 quae
1601 2521 1722 2574 sunt
1745 2522 1964 2577 alterius

240 2590 390 2644 modi
430 2591 654 2657 lumina,
693 2592 829 2646 adeo
870 2593 991 2646 sunt
1028 2593 1254 2646 virtutes
1298 2593 1572 2660 orationiS,
1613 2603 1678 2645 ut
1722 2593 1827 2646 fine
1875 2593 1963 2649 his

239 2660 386 2723 nulla
409 2662 638 2734 intelligi
663 2682 785 2717 vere
818 2665 972 2735 poffit
1005 2665 1194 2718 oratio·
1267 2666 1411 2718 Nam
1451 2681 1561 2736 quo
1594 2663 1757 2717 modo
1788 2664 1963 2737 judex

238 2731 420 2786 doceri
532 2735 646 2800 test,
683 2735 717 2787 fi
759 2734 890 2789 defit
931 2734 1142 2789 illustris
1179 2735 1482 2808 explanati0‚
1523 2734 1798 2807 propositio,
1837 2748 1960 2809 pro-

236 2753 907 2879 miffio,ffiio,squn5io¹,
929 2807 1565 2887 expcfitiosententiaesuae,
1586 2806 1818 2858 rationis⁸
1837 2828 1869 2858 a
1905 2819 1961 2861 ta

238 2875 488 2945 conclusio,
519 2877 854 2949 praemunitio,
874 2877 1167 2948 stmilitudo,
1204 2878 1494 2951 exemplum,
1532 2875 1751 2948 digestio,
1788 2877 1868 2950 dis
1882 2879 1958 2931 ri-

238 2944 389 3011 butio,
417 2946 765 3020 interpellatio,
789 2948 1149 3022 interpellantis
1176 2950 1389 3003 coercitio
1411 2957 1445 3014 ²,
1472 2948 1725 3014 contentio,
1755 2959 1959 3021 purga-

179 3039 213 3095 3
240 3016 324 3081 tio,
355 3018 493 3086 'laesio
513 3019 545 3070 ἓ
599 3017 748 3074 Quid
787 3037 912 3073 vero
945 3019 1063 3092 agit
1103 3019 1325 3073 omnino
1365 3017 1672 3091 eloquentia
1701 3018 1960 3075 ‘detraetis

225 3104 320 3140 *am
359 3088 592 3143 lificandi
638 3090 1023 3162 minuendique
1044 3100 1068 3122 ¹²
1128 3091 1456 3144 rationibus?
1524 3091 1766 3159 Quarum
1816 3090 1960 3162 prior

233 3156 302 3212 de
319 3159 488 3214 iderat
528 3160 676 3214 illam
712 3161 827 3234 plus
869 3182 1020 3235 quam
1061 3162 1247 3216 dixeris
1273 3161 1711 3235 fignffieationem,
1759 3159 1818 3214 id
1864 3163 1957 3232 est,

287 3344 304 3364 ⁶
335 3347 382 3379 ut
401 3340 468 3379 fid.
579 3340 598 3367 ἃ
630 3343 968 3394 reprehendantur
983 3344 1090 3384 Jens.
1199 3347 1217 3368 θ
1249 3343 1413 3383 audient
1431 3343 1483 3382 id.
1605 3340 1624 3369 f
1649 3342 1849 3384 semones
1868 3356 1959 3386 mo-

231 3393 367 3443 resque
388 3394 504 3433 Grut.
639 3403 657 3427 ⁸
688 3409 770 3447 quo
787 3398 892 3437 Jens.
1021 3399 1040 3423 ¹¹
1073 3405 1187 3450 putet
1206 3398 1257 3436 G.
1279 3406 1393 3448 putat
1410 3397 1517 3438 Jens.
1644 3395 1654 3422 ⁸
1683 3412 1754 3436 om.
1776 3399 1826 3438 G.
1845 3399 1955 3438 Jens.

230 3446 243 3476 ¹
272 3455 435 3485 utantur
451 3449 558 3489 Jens.
685 3456 716 3475 ¹¹¹
748 3459 918 3490 caveant
939 3451 1054 3491 Grut.
1167 3457 1185 3476 ¹¹
1216 3466 1286 3490 om.
1309 3453 1361 3490 G.
1484 3459 1506 3482 ο
1534 3450 1602 3490 fiet
1619 3450 1725 3491 Jens.
1846 3457 1867 3486 Ρ
1893 3454 1959 3493 hi-

231 3499 395 3546 laritatis
413 3502 463 3539 id.
605 3510 626 3543 ς
656 3505 828 3543 mutatio
847 3504 899 3543 G.
1061 3510 1079 3531 ¹
1108 3505 1284 3555 ejunaio
1304 3506 1355 3546 G.
1514 3503 1535 3533 '⁸
1567 3506 1756 3548 orationis
1776 3505 1826 3549 G·
1846 3506 1959 3550 Jens·

233 3556 246 3578 ¹
277 3555 426 3594 coertio
446 3555 512 3592 iid·
626 3563 644 3583 ¹·
679 3559 888 3601 muniendi
908 3559 1012 3600 Jens.
1723 3560 1728 3562 ’

304 3636 452 3678 VOL.
485 3637 563 3677 11.
1064 3640 1105 3679 G
