2320 4030
583 284 864 354 ῐΝεΤῙΤ,
895 286 1253 342 ORATOR.
1291 287 1437 341 ΜΒ.
1472 287 1561 342 1x.
1602 303 1645 343 1.
1916 305 1978 362 77

167 433 231 474 21
257 424 430 497 magis
473 425 644 481 ducit.
718 429 860 482 Nam
907 429 940 482 fi
982 428 1151 495 fronS,
1195 429 1360 496 oculi,
1393 424 1592 483 'manus
1634 427 1866 484 multum
1910 426 1982 486 ad

256 507 466 549 motum
511 499 814 552 animorum
859 501 1057 565 valent,
1101 512 1305 571 quanto
1355 500 1474 572 plus
1521 501 1774 553 orationis
1823 502 1980 572 ipsius

255 567 439 620 vultus
463 569 530 621 a‘d
554 570 630 634 id,
656 571 803 642 quod
828 570 1159 624 intendimus
1183 570 1410 636 efficere,
1437 572 1794 643 compositus?
1852 574 1980 626 Plu·
2057 564 2067 575 ’

256 638 453 692 rimum
494 651 672 692 tamen
713 641 780 693 ad
814 641 1333 708 commendationem
1367 641 1517 707 facit,
1546 644 1647 695 five
1673 642 1730 694 in
1754 644 1983 696 concili-

256 710 409 763 andis
445 711 654 782 agentis
690 711 949 778 moribuS,
977 713 1077 765 five
1111 712 1180 764 ad
1215 713 1626 784 promerendum
1664 712 1861 766 actioni
1898 713 1981 767 fa-

258 788 461 846 vorem,
488 783 588 834 five
611 781 678 834 ad
715 782 999 836 levandum
1019 783 1280 854 ‘varietate
1302 784 1590 848 fastidium,
1612 783 1714 836 five
1739 784 1807 837 ad
1829 803 1982 856 quae-

168 861 236 903 22
259 851 383 905 dam
406 852 491 906 vel
515 852 790 906 decentius
815 850 1099 907 indicanda
1115 862 1128 888 ²
1169 855 1254 907 vel
1278 854 1467 908 tutius,
1543 855 1651 909 Sed
1674 866 1983 927 antequam,

258 940 381 995 quae
419 924 617 995 cuique
657 924 732 977 rei
774 925 946 996 figura
976 922 1277 991 conveniat,
1301 926 1568 978 ostendam
1588 935 1630 991 ¹¹,
1673 925 1983 991 dicendum,

258 1011 591 1066 nequaquam
631 1014 718 1048 eas
743 996 843 1049 effe
868 1007 977 1051 tam
1003 995 1222 1062 multaS,
1246 996 1410 1068 ‘quam
1437 999 1559 1050 sunt
1596 1015 1628 1048 a
1664 997 1984 1068 quibusdam

260 1066 579 1119 constitutae.
653 1068 850 1137 Neque
888 1067 1032 1120 enim
1071 1086 1159 1120 me
1197 1078 1419 1121 movent
1455 1067 1676 1120 nomina
1713 1068 1822 1134 illa,
1862 1088 1986 1141 quae

172 1146 236 1201 23
263 1133 463 1209 fingere
503 1137 695 1210 utique
744 1139 969 1191 Graecis
1001 1137 1404 1210 promtiffimum
1453 1139 1544 1193 est.
1617 1140 1764 1192 Ante
1805 1140 1988 1194 omnia

261 1207 430 1279 igitur
452 1208 550 1273 illi,
577 1209 671 1280 qui
698 1209 921 1263 totidem
939 1209 1151 1281 figuras
1173 1220 1385 1280 putant,
1413 1221 1548 1280 quot
1572 1209 1798 1281 agffifflm,
1825 1229 1986 1282 repu-

261 1277 482 1332 diandi:
523 1298 630 1332 non
656 1280 781 1351 quia
803 1281 1011 1353 qffi’aetus
1035 1298 1144 1334 non
1181 1281 1242 1332 fit
1280 1281 1528 1352 quaedam
1569 1281 1793 1352 qualitas
1829 1301 1987 1334 men-

263 1349 372 1416 tis3
412 1350 500 1403 sed
523 1351 649 1423 quia
667 1351 874 1424 figura,
900 1370 1060 1422 quam
1101 1369 1208 1404 non
1249 1351 1627 1417 communiter,
1651 1352 1742 1405 sed
1780 1353 1990 1424 proprie

263 1420 624 1487 nominamuS,
650 1441 756 1475 non
781 1423 842 1475 fit
866 1423 1080 1494 finiplex
1102 1422 1178 1475 rei
1205 1422 1459 1495 cujusque
1481 1423 1803 1476 enuntiatio·
1832 1424 1987 1477 Qua-

263 1503 478 1564 propter
512 1493 568 1546 in
605 1493 834 1547 dicendo
858 1494 1022 1566 irasci,
1049 1493 1228 1559 dolere,
1254 1494 1490 1566 misereri,
1518 1495 1704 1560 timere,
1731 1494 1991 1566 corffidere,

266 1574 577 1631 contemnere,
603 1583 711 1618 non
735 1565 855 1618 sunt
878 1565 1084 1638 figurae,
1112 1583 1220 1617 non
1248 1566 1421 1637 magis
1447 1585 1606 1637 quam
1629 1567 1867 1637 suadere,
1892 1566 1989 1618 mi-

179 1647 247 1698 24
268 1636 405 1702 nari,
429 1655 625 1708 rogare,
652 1656 768 1690 excu
793 1657 895 1689 are.
973 1635 1080 1688 Sed
1118 1635 1256 1688 fallit
1291 1654 1473 1707 parum
1516 1636 1819 1708 diligenter·
1840 1637 1989 1691 intu—

269 1719 443 1772 enteS,
470 1707 616 1779 quod
640 1708 919 1761 inveniunt
945 1707 998 1760 in
1022 1707 1275 1760 omnibus
1302 1707 1387 1760 his
1414 1707 1548 1760 locis
1571 1708 1791 1779 figuras»,
1819 1719 1875 1762 et
1901 1727 1992 1761 ea-

267 1787 428 1832 rumx
466 1779 709 1851 exempla
750 1797 816 1832 ex
857 1779 1186 1832 orationibus
1224 1788 1535 1850 excerpunt.
1609 1781 1809 1851 Neque
1847 1781 1991 1834 enim

268 1867 389 1920 pars
425 1849 537 1903 ulla
574 1850 787 1903 dicendi
821 1851 908 1914 est,
946 1869 1068 1922 quae
1103 1868 1212 1902 non
1247 1850 1355 1902 reci
1393 1868 1480 1902 ere
1517 1868 1603 1903 eas
1638 1851 1809 1921 poffit.
1887 1851 1996 1905 Sed

269 1921 414 1974 aliud
450 1923 521 1974 est
559 1921 840 1975 admittere
863 1922 1120 1994 figuram,
1160 1921 1306 1974 aliud
1377 1941 1564 1994 garam
1602 1921 1721 1976 effe.
1793 1923 1997 1994 Neque

272 1993 415 2045 enim
458 1994 678 2045 verebor
716 1993 1043 2065 explicandae
1083 1993 1158 2047 rei
1198 1993 1370 2065 gratia
1406 1992 1817 2062 frequentiorem
1855 1995 1996 2066 ejus-

170 2071 250 2128 -25
273 2062 396 2116 dem
426 2065 660 2117 nominis
694 2065 1086 2136 repetitionem.
1159 2065 1340 2118 Quare
1369 2063 1575 2117 dabunt
1600 2046 1734 2117 mihi
1759 2065 1999 2137 aliquam

272 2134 331 2188 in
377 2135 628 2206 irascente,
668 2138 974 2208 deprecante,
1001 2136 1260 2207 miserante
1299 2136 1542 2207 figuram,
1580 2136 1720 2188 scio:
1762 2137 1850 2189 sed
1890 2155 1999 2190 non

274 2205 400 2261 ideo
422 2207 587 2278 irqscz‘,
613 2209 846 2277 misereri,
871 2207 1143 2280 deprecari,
1172 2207 1342 2278 figura
1365 2207 1486 2260 erit.
1511 2225 1515 2231 ⁴
1561 2207 1754 2260 Cicero
1779 2207 2000 2280 quidem

274 2278 460 2330 omnia
484 2279 734 2331 orationis
770 2279 975 2338 lumina
1007 2279 1061 2330 in
1087 2278 1232 2331 hunc
1257 2279 1438 2331 locum
1476 2279 1742 2350 congerit,
1768 2279 2004 2333 mediam

278 2350 565 2421 quamdam
594 2353 680 2420 (ut
711 2351 955 2420 arbitror)
987 2351 1193 2403 secutus
1230 2350 1368 2402 viam
1393 2370 1419 2402 ε·
1445 2361 1508 2402 ut
1543 2368 1644 2402 nec
1681 2351 1855 2403 omnis
1895 2350 1999 2402 ser-

277 2439 372 2474 mo
383 2423 587 2494 schema
603 2422 950 2494 judicaretur,
977 2440 1075 2474 nec
1099 2422 1160 2473 ea
1183 2421 1311 2486 sola,
1340 2441 1461 2493 quae
1487 2421 1747 2475 haberent
1769 2421 2006 2493 aliquam

277 2505 539 2546 remotam
565 2495 632 2546 ab
657 2493 751 2545 usu
774 2492 1047 2546 communi
1077 2492 1342 2545 fictionem
1366 2513 1379 2545 :
1418 2492 1508 2545 sed
1545 2512 1668 2564 quae
1703 2493 1867 2546 essent
1892 2493 2003 2546 cla-

276 2563 491 2630 riffima,
517 2577 572 2617 et
605 2565 671 2617 ad
711 2565 1036 2618 movendum
1065 2563 1364 2617 auditorem
1402 2563 1642 2618 valerent
1674 2563 1961 2636 plurimum
1987 2586 2002 2618 z

279 2653 445 2704 quem
485 2636 697 2690 duobus
740 2638 807 2688 ab
847 2655 912 2690 eo
949 2635 1102 2689 libris
1142 2635 1428 2689 tractatum
1467 2634 1652 2688 locum
1691 2636 1758 2688 ad
1794 2635 2007 2688 literam

280 2705 498 2779 subjeci,
539 2726 607 2761 ne
649 2705 944 2762 fraudarem
981 2708 1224 2779 legentes
1251 2705 1463 2778 judicio
1498 2707 1719 2763 maximi
1756 2707 2007 2761 auctoris·

191 2769 260 2825 26
284 2778 349 2829 In
391 2778 551 2832 tertio
590 2779 659 2832 de
700 2778 908 2832 Oratore
942 2779 1020 2832 ita
1052 2777 1304 2849 scriptum
1329 2778 1439 2831 estz
1477 2777 1541 2830 In
1571 2785 1826 2851 perpetua
1846 2789 2010 2832 autem

279 2850 519 2918 oratione,
547 2871 654 2906 cum
677 2859 725 2902 et
748 2851 1088 2924 conjunc‘tiom's
1108 2848 1395 2917 lenitatem,
1422 2860 1470 2902 et
1504 2866 1842 2918 numerorum,
1859 2869 2010 2923 quam

543 3022 559 3045 ¹
587 3018 804 3070 judicanda
821 3021 875 3062 G.
984 3026 1005 3048 ¹³
1038 3021 1200 3063 ostendo
1218 3019 1325 3061 Jens.
1435 3023 1455 3047 ¹
1486 3031 1626 3060 eorum
1644 3020 1752 3060 Jens.

350 3189 422 3228 26.
455 3186 498 3228 in
515 3186 634 3229 tertio
653 3188 702 3230 de
721 3187 918 3241 oratore]
951 3188 1006 3230 C.
1034 3202 1105 3242 52.
1189 3188 1317 3231 nibus
1349 3187 1461 3238 aliis,
1495 3188 1661 3231 Graecis
1697 3187 1937 3245 praesertim,
1971 3198 2013 3231 et

291 3243 388 3344 sqqfi
429 3245 636 3287 Convenit
663 3256 801 3288 autern
822 3246 958 3296 lectio,
980 3244 1117 3303 quam
1190 3245 1406 3303 exemplis,
1439 3260 1521 3288 non
1551 3246 1676 3288 nimis
1707 3245 1903 3301 difficile3
1947 3248 2014 3289 sed

292 3317 316 3345 e
390 3305 661 3346 urmanniana
705 3306 871 3355 damus,
911 3318 1008 3346 cum
1045 3318 1110 3354 ea,
1192 3318 1274 3346 non
1321 3303 1600 3354 necessarium,
1647 3304 1870 3362 praesertim
1917 3319 2016 3349 cum

291 3373 419 3416 quam
470 3360 681 3418 proposuit
738 3363 803 3404 vir
860 3361 1111 3404 doaiffimus
1192 3362 1340 3404 deinde
1372 3362 1422 3403 de
1460 3363 1654 3404 omnibns
1682 3360 1763 3404 fere
1795 3362 2015 3419 diligenter

291 3417 429 3460 Zach.
450 3417 616 3469 Pearce,
635 3420 902 3476 pauciffimiS‚
922 3434 1016 3475 quae
1039 3434 1113 3462 no·
1195 3419 1278 3478 ipse
1325 3420 1485 3463 Fabius
1527 3420 1759 3478 praecipiat,
1798 3434 1872 3462 nos
1921 3435 2016 3463 vero

292 3486 447 3525 tamuS,
481 3479 678 3534 exceptis,
741 3479 948 3520 Caeterum
984 3477 1116 3534 expli·
1197 3478 1311 3526 huic,
1332 3493 1412 3520 non
1442 3478 1610 3534 Tullio,
1635 3479 1721 3533 jam
1752 3491 1951 3522 navemus
1970 3494 2017 3521 0-

294 3547 387 3576 care
405 3535 562 3592 figuras
582 3549 722 3578 omnes
742 3537 958 3592 adscriptis
982 3536 1114 3577 nomi·
1199 3551 1354 3591 puram.
