<?xml version="1.0" encoding="UTF-8"?>
<!DOCTYPE html PUBLIC "-//W3C//DTD XHTML 1.0 Transitional//EN"
    "http://www.w3.org/TR/xhtml1/DTD/xhtml1-transitional.dtd">
<html xmlns="http://www.w3.org/1999/xhtml" xml:lang="en" lang="en">
 <head>
  <title>
</title>
<meta http-equiv="Content-Type" content="text/html;charset=utf-8" />
  <meta name='ocr-system' content='tesseract 3.04.00' />
  <meta name='ocr-capabilities' content='ocr_page ocr_carea ocr_par ocr_line ocrx_word'/>
</head>
<body>
  <div class='ocr_page' id='page_1' title='image "./deinstitutioneor02quinuoft_0029.png"; bbox 0 0 2320 4030; ppageno 0'>
   <div class='ocr_carea' id='block_1_1' title="bbox 531 325 554 333">
    <p class='ocr_par' dir='ltr' id='par_1_1' title="bbox 531 325 554 333">
     <span class='ocr_line' id='line_1_1' title="bbox 531 325 554 333; baseline 0 0"><span class='ocrx_word' id='word_1_1' title='bbox 531 325 554 333; x_wconf 66' lang='lat' dir='ltr'>-r</span> 
     </span>
    </p>
   </div>
   <div class='ocr_carea' id='block_1_2' title="bbox 590 370 1970 431">
    <p class='ocr_par' dir='ltr' id='par_1_2' title="bbox 590 370 1970 431">
     <span class='ocr_line' id='line_1_2' title="bbox 590 370 1970 431; baseline -0.005 -9"><span class='ocrx_word' id='word_1_2' title='bbox 590 374 864 424; x_wconf 81' lang='lat' dir='ltr'><strong>INSTIT.</strong></span> <span class='ocrx_word' id='word_1_3' title='bbox 896 370 1228 422; x_wconf 73' lang='lat' dir='ltr'><strong>ORATOR.</strong></span> <span class='ocrx_word' id='word_1_4' title='bbox 1263 370 1402 420; x_wconf 76' lang='lat' dir='ltr'>Lm.</span> <span class='ocrx_word' id='word_1_5' title='bbox 1433 370 1576 430; x_wconf 81' lang='lat' dir='ltr'>vm.</span> <span class='ocrx_word' id='word_1_6' title='bbox 1609 387 1660 431; x_wconf 79' lang='lat'>3.</span> <span class='ocrx_word' id='word_1_7' title='bbox 1875 388 1881 405; x_wconf 28' lang='lat'>1-</span> <span class='ocrx_word' id='word_1_8' title='bbox 1909 381 1970 415; x_wconf 58' lang='grc' dir='ltr'>αι</span> 
     </span>
    </p>
   </div>
   <div class='ocr_carea' id='block_1_3' title="bbox 181 502 1975 1002">
    <p class='ocr_par' dir='ltr' id='par_1_3' title="bbox 199 502 1973 720">
     <span class='ocr_line' id='line_1_3' title="bbox 199 502 1970 574; baseline -0.001 -16"><span class='ocrx_word' id='word_1_9' title='bbox 199 556 202 558; x_wconf 86' lang='grc'>,</span> <span class='ocrx_word' id='word_1_10' title='bbox 271 524 392 560; x_wconf 86' lang='lat' dir='ltr'>rum</span> <span class='ocrx_word' id='word_1_11' title='bbox 413 515 436 550; x_wconf 72' lang='grc' dir='ltr'><strong><em>Υ</em></strong></span> <span class='ocrx_word' id='word_1_12' title='bbox 472 507 550 574; x_wconf 87' lang='lat' dir='ltr'>fit,</span> <span class='ocrx_word' id='word_1_13' title='bbox 576 508 648 561; x_wconf 74' lang='lat' dir='ltr'>fiz</span> <span class='ocrx_word' id='word_1_14' title='bbox 672 509 876 562; x_wconf 87' lang='lat' dir='ltr'>dicatur</span> <span class='ocrx_word' id='word_1_15' title='bbox 899 508 1037 561; x_wconf 85' lang='lat' dir='ltr'>labor</span> <span class='ocrx_word' id='word_1_16' title='bbox 1053 522 1090 561; x_wconf 53' lang='grc' dir='ltr'>ἃ.</span> <span class='ocrx_word' id='word_1_17' title='bbox 1156 504 1472 569; x_wconf 79' lang='lat' dir='ltr'><strong>Horridum,</strong></span> <span class='ocrx_word' id='word_1_18' title='bbox 1497 523 1638 556; x_wconf 74' lang='lat' dir='ltr'>reor.-</span> <span class='ocrx_word' id='word_1_19' title='bbox 1676 502 1970 567; x_wconf 80' lang='lat' dir='ltr'>tolerabile,</span> 
     </span>
     <span class='ocr_line' id='line_1_4' title="bbox 273 574 1973 651; baseline -0.002 -23"><span class='ocrx_word' id='word_1_20' title='bbox 273 587 468 631; x_wconf 84' lang='lat' dir='ltr'><em>autumo</em></span> <span class='ocrx_word' id='word_1_21' title='bbox 485 600 506 635; x_wconf 69' lang='lat'>.·„</span> <span class='ocrx_word' id='word_1_22' title='bbox 538 580 800 650; x_wconf 87' lang='lat' dir='ltr'>tragicum</span> <span class='ocrx_word' id='word_1_23' title='bbox 817 583 859 644; x_wconf 78' lang='lat'>¹³,</span> <span class='ocrx_word' id='word_1_24' title='bbox 880 579 1064 651; x_wconf 84' lang='lat' dir='ltr'>prolem</span> <span class='ocrx_word' id='word_1_25' title='bbox 1080 587 1100 610; x_wconf 69' lang='lat'>0</span> <span class='ocrx_word' id='word_1_26' title='bbox 1128 577 1427 630; x_wconf 69' lang='lat' dir='ltr'>ducendam‘¹</span> <span class='ocrx_word' id='word_1_27' title='bbox 1453 596 1468 626; x_wconf 92' lang='lat'>.·</span> <span class='ocrx_word' id='word_1_28' title='bbox 1493 575 1801 644; x_wconf 74' lang='lat' dir='ltr'>universame</span> <span class='ocrx_word' id='word_1_29' title='bbox 1839 576 1937 646; x_wconf 68' lang='lat' dir='ltr'>ejus</span> <span class='ocrx_word' id='word_1_30' title='bbox 1954 574 1973 606; x_wconf 73' lang='lat' dir='ltr'>f</span> 
     </span>
     <span class='ocr_line' id='line_1_5' title="bbox 270 644 1969 720; baseline -0.002 -22"><span class='ocrx_word' id='word_1_31' title='bbox 270 649 564 720; x_wconf 72' lang='lat' dir='ltr'>prcffapiam,</span> <span class='ocrx_word' id='word_1_32' title='bbox 591 650 834 702; x_wconf 89' lang='lat' dir='ltr'>insulsum</span> <span class='ocrx_word' id='word_1_33' title='bbox 850 661 890 702; x_wconf 67' lang='grc' dir='ltr'>Β.</span> <span class='ocrx_word' id='word_1_34' title='bbox 965 649 1112 702; x_wconf 80' lang='lat' dir='ltr'>Quid</span> <span class='ocrx_word' id='word_1_35' title='bbox 1136 647 1337 702; x_wconf 86' lang='lat' dir='ltr'>multa?</span> <span class='ocrx_word' id='word_1_36' title='bbox 1383 655 1528 698; x_wconf 87' lang='lat' dir='ltr'>totus</span> <span class='ocrx_word' id='word_1_37' title='bbox 1563 662 1726 715; x_wconf 85' lang='lat' dir='ltr'>prope</span> <span class='ocrx_word' id='word_1_38' title='bbox 1746 644 1768 676; x_wconf 80' lang='lat'>¹²</span> <span class='ocrx_word' id='word_1_39' title='bbox 1792 657 1969 696; x_wconf 89' lang='lat' dir='ltr'>muta-</span> 
     </span>
    </p>

    <p class='ocr_par' dir='ltr' id='par_1_4' title="bbox 181 715 1975 1002">
     <span class='ocr_line' id='line_1_6' title="bbox 181 715 1971 786; baseline -0.003 -15"><span class='ocrx_word' id='word_1_40' title='bbox 181 730 248 786; x_wconf 70' lang='lat'>27</span> <span class='ocrx_word' id='word_1_41' title='bbox 272 727 360 769; x_wconf 89' lang='lat' dir='ltr'>tus</span> <span class='ocrx_word' id='word_1_42' title='bbox 400 720 470 771; x_wconf 85' lang='lat' dir='ltr'>est</span> <span class='ocrx_word' id='word_1_43' title='bbox 508 719 696 781; x_wconf 83' lang='lat' dir='ltr'>sermO.</span> <span class='ocrx_word' id='word_1_44' title='bbox 769 719 1031 774; x_wconf 73' lang='lat' dir='ltr'>Quaedam</span> <span class='ocrx_word' id='word_1_45' title='bbox 1075 731 1251 772; x_wconf 86' lang='lat' dir='ltr'>tamen</span> <span class='ocrx_word' id='word_1_46' title='bbox 1293 717 1471 770; x_wconf 84' lang='lat' dir='ltr'>adhuc</span> <span class='ocrx_word' id='word_1_47' title='bbox 1513 726 1687 767; x_wconf 88' lang='lat' dir='ltr'>vetera</span> <span class='ocrx_word' id='word_1_48' title='bbox 1722 715 1971 767; x_wconf 84' lang='lat' dir='ltr'>vetustate</span> 
     </span>
     <span class='ocr_line' id='line_1_7' title="bbox 271 784 1971 861; baseline -0.002 -22"><span class='ocrx_word' id='word_1_49' title='bbox 271 786 379 858; x_wconf 88' lang='lat' dir='ltr'>ipsa</span> <span class='ocrx_word' id='word_1_50' title='bbox 400 789 603 860; x_wconf 86' lang='lat' dir='ltr'>gratius</span> <span class='ocrx_word' id='word_1_51' title='bbox 629 791 821 855; x_wconf 86' lang='lat' dir='ltr'>nitent,</span> <span class='ocrx_word' id='word_1_52' title='bbox 846 789 1090 861; x_wconf 87' lang='lat' dir='ltr'>quaedam</span> <span class='ocrx_word' id='word_1_53' title='bbox 1125 787 1309 841; x_wconf 83' lang='lat' dir='ltr'>etiam¹</span> <span class='ocrx_word' id='word_1_54' title='bbox 1347 784 1624 851; x_wconf 79' lang='lat' dir='ltr'>necessario</span> <span class='ocrx_word' id='word_1_55' title='bbox 1646 784 1859 837; x_wconf 85' lang='lat' dir='ltr'>interim</span> <span class='ocrx_word' id='word_1_56' title='bbox 1883 786 1971 837; x_wconf 86' lang='lat' dir='ltr'>su-</span> 
     </span>
     <span class='ocr_line' id='line_1_8' title="bbox 270 855 1975 933; baseline -0.002 -23"><span class='ocrx_word' id='word_1_57' title='bbox 270 870 508 924; x_wconf 88' lang='lat' dir='ltr'>muntur,</span> <span class='ocrx_word' id='word_1_58' title='bbox 544 874 825 933; x_wconf 79' lang='lat' dir='ltr'>nuncupare</span> <span class='ocrx_word' id='word_1_59' title='bbox 845 864 888 924; x_wconf 85' lang='lat'>¹‘,</span> <span class='ocrx_word' id='word_1_60' title='bbox 925 872 981 912; x_wconf 82' lang='lat' dir='ltr'>et</span> <span class='ocrx_word' id='word_1_61' title='bbox 997 860 1145 930; x_wconf 84' lang='lat' dir='ltr'>fari¹</span> <span class='ocrx_word' id='word_1_62' title='bbox 1166 881 1182 911; x_wconf 92' lang='lat'>.·</span> <span class='ocrx_word' id='word_1_63' title='bbox 1220 868 1322 912; x_wconf 80' lang='lat' dir='ltr'>et¹¹¹</span> <span class='ocrx_word' id='word_1_64' title='bbox 1359 857 1527 910; x_wconf 76' lang='lat' dir='ltr'>multa</span> <span class='ocrx_word' id='word_1_65' title='bbox 1561 856 1662 908; x_wconf 83' lang='lat' dir='ltr'>alia</span> <span class='ocrx_word' id='word_1_66' title='bbox 1696 855 1854 908; x_wconf 87' lang='lat' dir='ltr'>etiam</span> <span class='ocrx_word' id='word_1_67' title='bbox 1879 873 1975 907; x_wconf 83' lang='lat' dir='ltr'>au-</span> 
     </span>
     <span class='ocr_line' id='line_1_9' title="bbox 271 926 1973 1002; baseline -0.001 -23"><span class='ocrx_word' id='word_1_68' title='bbox 271 926 541 982; x_wconf 83' lang='lat' dir='ltr'>dientibus</span> <span class='ocrx_word' id='word_1_69' title='bbox 580 942 770 1002; x_wconf 84' lang='lat' dir='ltr'>grata¹²</span> <span class='ocrx_word' id='word_1_70' title='bbox 815 931 966 983; x_wconf 85' lang='lat' dir='ltr'>inseri</span> <span class='ocrx_word' id='word_1_71' title='bbox 1001 931 1245 1001; x_wconf 82' lang='lat' dir='ltr'>poffunt3</span> <span class='ocrx_word' id='word_1_72' title='bbox 1283 928 1371 981; x_wconf 88' lang='lat' dir='ltr'>sed</span> <span class='ocrx_word' id='word_1_73' title='bbox 1409 928 1488 980; x_wconf 83' lang='lat' dir='ltr'>ita</span> <span class='ocrx_word' id='word_1_74' title='bbox 1508 926 1747 990; x_wconf 88' lang='lat' dir='ltr'>demum,</span> <span class='ocrx_word' id='word_1_75' title='bbox 1790 926 1824 978; x_wconf 86' lang='lat' dir='ltr'>fi</span> <span class='ocrx_word' id='word_1_76' title='bbox 1864 942 1973 979; x_wconf 86' lang='lat' dir='ltr'>non</span> 
     </span>
    </p>
   </div>
   <div class='ocr_carea' id='block_1_4' title="bbox 270 998 1664 1073">
    <p class='ocr_par' dir='ltr' id='par_1_5' title="bbox 270 998 1664 1073">
     <span class='ocr_line' id='line_1_10' title="bbox 270 998 1664 1073; baseline 0 -24"><span class='ocrx_word' id='word_1_77' title='bbox 270 1012 517 1070; x_wconf 80' lang='lat' dir='ltr'>apparea-t</span> <span class='ocrx_word' id='word_1_78' title='bbox 540 1001 820 1067; x_wconf 64' lang='lat' dir='ltr'>afl&#39;eetatio,</span> <span class='ocrx_word' id='word_1_79' title='bbox 846 1003 899 1054; x_wconf 88' lang='lat' dir='ltr'>in</span> <span class='ocrx_word' id='word_1_80' title='bbox 923 1020 1083 1073; x_wconf 87' lang='lat' dir='ltr'>quam</span> <span class='ocrx_word' id='word_1_81' title='bbox 1109 1000 1327 1053; x_wconf 88' lang='lat' dir='ltr'>mirifice</span> <span class='ocrx_word' id='word_1_82' title='bbox 1345 998 1624 1070; x_wconf 78' lang='lat' dir='ltr'>Virgilius,</span> <span class='ocrx_word' id='word_1_83' title='bbox 1642 1007 1664 1029; x_wconf 83' lang='lat'>⁰</span> 
     </span>
    </p>
   </div>
   <div class='ocr_carea' id='block_1_5' title="bbox 277 1182 590 1232">
    <p class='ocr_par' dir='ltr' id='par_1_6' title="bbox 277 1182 590 1232">
     <span class='ocr_line' id='line_1_11' title="bbox 277 1182 590 1232; baseline 0.003 -12"><span class='ocrx_word' id='word_1_84' title='bbox 277 1194 280 1199; x_wconf 52' lang='lat'><em>¹</em></span> <span class='ocrx_word' id='word_1_85' title='bbox 324 1184 346 1212; x_wconf 76' lang='lat'><em>⁷</em></span> <span class='ocrx_word' id='word_1_86' title='bbox 377 1193 518 1232; x_wconf 85' lang='lat' dir='ltr'>parvus</span> <span class='ocrx_word' id='word_1_87' title='bbox 539 1182 590 1221; x_wconf 90' lang='lat' dir='ltr'>G.</span> 
     </span>
    </p>
   </div>
   <div class='ocr_carea' id='block_1_6' title="bbox 271 1184 1019 1273">
    <p class='ocr_par' dir='ltr' id='par_1_7' title="bbox 271 1184 1019 1273">
     <span class='ocr_line' id='line_1_12' title="bbox 748 1184 1019 1234; baseline -0.004 -12"><span class='ocrx_word' id='word_1_88' title='bbox 748 1187 767 1209; x_wconf 71' lang='lat'><strong>²</strong></span> <span class='ocrx_word' id='word_1_89' title='bbox 798 1197 865 1223; x_wconf 82' lang='lat' dir='ltr'>om.</span> <span class='ocrx_word' id='word_1_90' title='bbox 888 1184 1019 1234; x_wconf 83' lang='lat' dir='ltr'>Kapp.</span> 
     </span>
     <span class='ocr_line' id='line_1_13' title="bbox 271 1233 376 1273; baseline 0.029 -3"><span class='ocrx_word' id='word_1_91' title='bbox 271 1233 376 1273; x_wconf 70' lang='lat' dir='ltr'>Sens-</span> 
     </span>
    </p>
   </div>
   <div class='ocr_carea' id='block_1_7' title="bbox 537 1235 1137 1288">
    <p class='ocr_par' dir='ltr' id='par_1_8' title="bbox 537 1235 1137 1288">
     <span class='ocr_line' id='line_1_14' title="bbox 537 1235 1137 1288; baseline 0 -14"><span class='ocrx_word' id='word_1_92' title='bbox 537 1235 554 1260; x_wconf 62' lang='grc' dir='ltr'>ὓ</span> <span class='ocrx_word' id='word_1_93' title='bbox 587 1251 654 1274; x_wconf 84' lang='lat' dir='ltr'>om.</span> <span class='ocrx_word' id='word_1_94' title='bbox 676 1237 806 1288; x_wconf 87' lang='lat' dir='ltr'>Kapp.</span> <span class='ocrx_word' id='word_1_95' title='bbox 827 1238 1010 1287; x_wconf 84' lang='lat' dir='ltr'>trigicum</span> <span class='ocrx_word' id='word_1_96' title='bbox 1031 1237 1081 1275; x_wconf 78' lang='lat' dir='ltr'>G&#39;.</span> <span class='ocrx_word' id='word_1_97' title='bbox 1099 1249 1137 1276; x_wconf 89' lang='lat'>2.</span> 
     </span>
    </p>
   </div>
   <div class='ocr_carea' id='block_1_8' title="bbox 1152 1179 1975 1233">
    <p class='ocr_par' dir='ltr' id='par_1_9' title="bbox 1152 1179 1975 1233">
     <span class='ocr_line' id='line_1_15' title="bbox 1152 1179 1975 1233; baseline -0.002 -13"><span class='ocrx_word' id='word_1_98' title='bbox 1152 1187 1170 1207; x_wconf 82' lang='lat'><em>²</em></span> <span class='ocrx_word' id='word_1_99' title='bbox 1201 1196 1269 1220; x_wconf 85' lang='lat' dir='ltr'>om.</span> <span class='ocrx_word' id='word_1_100' title='bbox 1291 1181 1340 1220; x_wconf 89' lang='lat' dir='ltr'>G.</span> <span class='ocrx_word' id='word_1_101' title='bbox 1359 1181 1461 1219; x_wconf 85' lang='lat' dir='ltr'>Jens.</span> <span class='ocrx_word' id='word_1_102' title='bbox 1490 1179 1566 1217; x_wconf 80' lang='lat' dir='ltr'>Sed</span> <span class='ocrx_word' id='word_1_103' title='bbox 1580 1179 1688 1229; x_wconf 84' lang='lat' dir='ltr'>quod</span> <span class='ocrx_word' id='word_1_104' title='bbox 1706 1179 1772 1233; x_wconf 59' lang='lat' dir='ltr'>ins·</span> <span class='ocrx_word' id='word_1_105' title='bbox 1793 1180 1914 1220; x_wconf 79' lang='lat' dir='ltr'><strong>G.&#39;G.</strong></span> <span class='ocrx_word' id='word_1_106' title='bbox 1936 1193 1975 1220; x_wconf 84' lang='lat'>2.</span> 
     </span>
    </p>
   </div>
   <div class='ocr_carea' id='block_1_9' title="bbox 1274 1233 1978 1284">
    <p class='ocr_par' dir='ltr' id='par_1_10' title="bbox 1274 1233 1978 1284">
     <span class='ocr_line' id='line_1_16' title="bbox 1274 1233 1978 1284; baseline 0.003 -13"><span class='ocrx_word' id='word_1_107' title='bbox 1274 1239 1289 1259; x_wconf 68' lang='lat'><strong>⁶</strong></span> <span class='ocrx_word' id='word_1_108' title='bbox 1322 1233 1509 1284; x_wconf 81' lang='lat' dir='ltr'>plolelem</span> <span class='ocrx_word' id='word_1_109' title='bbox 1530 1234 1659 1284; x_wconf 82' lang='lat' dir='ltr'>Kapp.</span> <span class='ocrx_word' id='word_1_110' title='bbox 1787 1234 1803 1258; x_wconf 71' lang='lat'>‘¹</span> <span class='ocrx_word' id='word_1_111' title='bbox 1836 1235 1978 1273; x_wconf 84' lang='lat' dir='ltr'>dicen·</span> 
     </span>
    </p>
   </div>
   <div class='ocr_carea' id='block_1_10' title="bbox 273 1278 1975 1341">
    <p class='ocr_par' dir='ltr' id='par_1_11' title="bbox 273 1278 1975 1341">
     <span class='ocr_line' id='line_1_17' title="bbox 273 1278 1975 1341; baseline 0.001 -17"><span class='ocrx_word' id='word_1_112' title='bbox 273 1287 368 1326; x_wconf 78' lang='lat' dir='ltr'>dam</span> <span class='ocrx_word' id='word_1_113' title='bbox 387 1287 439 1327; x_wconf 87' lang='lat' dir='ltr'>G.</span> <span class='ocrx_word' id='word_1_114' title='bbox 459 1290 510 1327; x_wconf 84' lang='lat' dir='ltr'>G.</span> <span class='ocrx_word' id='word_1_115' title='bbox 530 1303 567 1330; x_wconf 83' lang='lat'>2.</span> <span class='ocrx_word' id='word_1_116' title='bbox 597 1291 727 1341; x_wconf 82' lang='lat' dir='ltr'>Kapp.</span> <span class='ocrx_word' id='word_1_117' title='bbox 753 1291 859 1330; x_wconf 86' lang='lat' dir='ltr'>Jens.</span> <span class='ocrx_word' id='word_1_118' title='bbox 877 1298 913 1328; x_wconf 84' lang='lat' dir='ltr'>et</span> <span class='ocrx_word' id='word_1_119' title='bbox 931 1290 984 1329; x_wconf 87' lang='lat' dir='ltr'>al.</span> <span class='ocrx_word' id='word_1_120' title='bbox 1011 1299 1073 1341; x_wconf 84' lang='lat' dir='ltr'>ap.</span> <span class='ocrx_word' id='word_1_121' title='bbox 1093 1291 1189 1328; x_wconf 83' lang='lat' dir='ltr'>Bur.</span> <span class='ocrx_word' id='word_1_122' title='bbox 1208 1289 1436 1330; x_wconf 80' lang='lat' dir='ltr'>dicendum,</span> <span class='ocrx_word' id='word_1_123' title='bbox 1463 1287 1506 1324; x_wconf 78' lang='lat' dir='ltr'>id</span> <span class='ocrx_word' id='word_1_124' title='bbox 1528 1287 1589 1336; x_wconf 87' lang='lat' dir='ltr'>est,</span> <span class='ocrx_word' id='word_1_125' title='bbox 1611 1278 1730 1324; x_wconf 37' lang='lat' dir='ltr'>dicere*</span> <span class='ocrx_word' id='word_1_126' title='bbox 1755 1285 1854 1335; x_wconf 82' lang='lat' dir='ltr'>licet,</span> <span class='ocrx_word' id='word_1_127' title='bbox 1883 1287 1975 1338; x_wconf 74' lang='lat' dir='ltr'>cory‘.</span> 
     </span>
    </p>
   </div>
   <div class='ocr_carea' id='block_1_11' title="bbox 274 1340 632 1436">
    <p class='ocr_par' dir='ltr' id='par_1_12' title="bbox 274 1340 632 1436">
     <span class='ocr_line' id='line_1_18' title="bbox 275 1340 450 1395; baseline 0.006 -17"><span class='ocrx_word' id='word_1_128' title='bbox 275 1340 450 1395; x_wconf 62' lang='lat' dir='ltr'>uferllncfi</span> 
     </span>
     <span class='ocr_line' id='line_1_19' title="bbox 274 1395 632 1436; baseline 0.011 -4"><span class='ocrx_word' id='word_1_129' title='bbox 274 1395 290 1417; x_wconf 73' lang='lat'><strong>²</strong></span> <span class='ocrx_word' id='word_1_130' title='bbox 322 1395 502 1434; x_wconf 87' lang='lat' dir='ltr'>universo</span> <span class='ocrx_word' id='word_1_131' title='bbox 523 1397 573 1435; x_wconf 92' lang='lat' dir='ltr'>G.</span> <span class='ocrx_word' id='word_1_132' title='bbox 595 1409 632 1436; x_wconf 89' lang='lat'>2.</span> 
     </span>
    </p>
   </div>
   <div class='ocr_carea' id='block_1_12' title="bbox 271 1444 640 1552">
    <p class='ocr_par' dir='ltr' id='par_1_13' title="bbox 271 1444 640 1552">
     <span class='ocr_line' id='line_1_20' title="bbox 271 1444 640 1490; baseline 0.014 -5"><span class='ocrx_word' id='word_1_133' title='bbox 271 1444 282 1470; x_wconf 61' lang='grc' dir='ltr'>ί</span> <span class='ocrx_word' id='word_1_134' title='bbox 314 1447 389 1487; x_wconf 82' lang='lat' dir='ltr'>effe</span> <span class='ocrx_word' id='word_1_135' title='bbox 407 1448 459 1487; x_wconf 82' lang='lat' dir='ltr'>G.</span> <span class='ocrx_word' id='word_1_136' title='bbox 479 1463 516 1490; x_wconf 86' lang='lat'>2.</span> <span class='ocrx_word' id='word_1_137' title='bbox 535 1451 640 1490; x_wconf 87' lang='lat' dir='ltr'>Jens.</span> 
     </span>
     <span class='ocr_line' id='line_1_21' title="bbox 272 1511 537 1552; baseline 0.019 -15"><span class='ocrx_word' id='word_1_138' title='bbox 272 1511 537 1552; x_wconf 73' lang='lat' dir='ltr'>emancupare.</span> 
     </span>
    </p>
   </div>
   <div class='ocr_carea' id='block_1_13' title="bbox 269 1554 528 1606">
    <p class='ocr_par' dir='ltr' id='par_1_14' title="bbox 269 1554 528 1606">
     <span class='ocr_line' id='line_1_22' title="bbox 269 1554 528 1606; baseline 0.012 -13"><span class='ocrx_word' id='word_1_139' title='bbox 269 1554 404 1606; x_wconf 71' lang='lat' dir='ltr'>Kapp.</span> <span class='ocrx_word' id='word_1_140' title='bbox 420 1556 528 1597; x_wconf 72' lang='lat' dir='ltr'>Jens.</span> 
     </span>
    </p>
   </div>
   <div class='ocr_carea' id='block_1_14' title="bbox 820 1391 973 1437">
    <p class='ocr_par' dir='ltr' id='par_1_15' title="bbox 820 1391 973 1437">
     <span class='ocr_line' id='line_1_23' title="bbox 820 1391 973 1437; baseline 0.013 -2"><span class='ocrx_word' id='word_1_141' title='bbox 820 1395 837 1425; x_wconf 77' lang='lat' dir='ltr'>f</span> <span class='ocrx_word' id='word_1_142' title='bbox 863 1398 897 1436; x_wconf 84' lang='lat' dir='ltr'>ei</span> <span class='ocrx_word' id='word_1_143' title='bbox 919 1391 973 1437; x_wconf 67' lang='lat' dir='ltr'>G.</span> 
     </span>
    </p>
   </div>
   <div class='ocr_carea' id='block_1_15' title="bbox 258 1730 1096 3638">
    <p class='ocr_par' dir='ltr' id='par_1_16' title="bbox 258 1730 1088 2889">
     <span class='ocr_line' id='line_1_24' title="bbox 267 1730 1079 1789; baseline 0.006 -18"><span class='ocrx_word' id='word_1_144' title='bbox 267 1730 337 1772; x_wconf 75' lang='lat' dir='ltr'>cio</span> <span class='ocrx_word' id='word_1_145' title='bbox 349 1730 591 1789; x_wconf 70' lang='lat' dir='ltr'>interprete)</span> <span class='ocrx_word' id='word_1_146' title='bbox 612 1733 732 1776; x_wconf 70' lang='lat' dir='ltr'>habet</span> <span class='ocrx_word' id='word_1_147' title='bbox 758 1734 883 1776; x_wconf 74' lang='lat' dir='ltr'>etiam</span> <span class='ocrx_word' id='word_1_148' title='bbox 914 1734 960 1777; x_wconf 78' lang='lat' dir='ltr'>in</span> <span class='ocrx_word' id='word_1_149' title='bbox 984 1747 1079 1777; x_wconf 85' lang='lat' dir='ltr'>ora-</span> 
     </span>
     <span class='ocr_line' id='line_1_25' title="bbox 266 1787 1081 1849; baseline 0.005 -19"><span class='ocrx_word' id='word_1_150' title='bbox 266 1787 374 1831; x_wconf 78' lang='lat' dir='ltr'>tione</span> <span class='ocrx_word' id='word_1_151' title='bbox 386 1789 580 1846; x_wconf 85' lang='lat' dir='ltr'>poeticum</span> <span class='ocrx_word' id='word_1_152' title='bbox 592 1792 754 1849; x_wconf 84' lang='lat' dir='ltr'><em>aliquod</em></span> <span class='ocrx_word' id='word_1_153' title='bbox 759 1791 937 1835; x_wconf 83' lang='lat' dir='ltr'>verbum</span> <span class='ocrx_word' id='word_1_154' title='bbox 949 1791 1081 1847; x_wconf 86' lang='lat' dir='ltr'>digni·</span> 
     </span>
     <span class='ocr_line' id='line_1_26' title="bbox 270 1849 1082 1906; baseline 0.006 -19"><span class='ocrx_word' id='word_1_155' title='bbox 270 1853 397 1888; x_wconf 80' lang='lat' dir='ltr'>tatem</span> <span class='ocrx_word' id='word_1_156' title='bbox 414 1864 427 1889; x_wconf 83' lang='lat'>.-</span> <span class='ocrx_word' id='word_1_157' title='bbox 478 1862 602 1905; x_wconf 86' lang='lat' dir='ltr'>neque</span> <span class='ocrx_word' id='word_1_158' title='bbox 637 1849 743 1892; x_wconf 86' lang='lat' dir='ltr'>enim</span> <span class='ocrx_word' id='word_1_159' title='bbox 775 1849 879 1892; x_wconf 85' lang='lat' dir='ltr'><em>illud</em></span> <span class='ocrx_word' id='word_1_160' title='bbox 893 1849 1082 1906; x_wconf 81' lang='lat' dir='ltr'><em>fugerim</em></span> 
     </span>
     <span class='ocr_line' id='line_1_27' title="bbox 269 1902 1083 1966; baseline 0.006 -21"><span class='ocrx_word' id='word_1_161' title='bbox 269 1902 418 1956; x_wconf 80' lang='lat' dir='ltr'><em>dicere,</em></span> <span class='ocrx_word' id='word_1_162' title='bbox 448 1912 494 1948; x_wconf 85' lang='lat' dir='ltr'>ut</span> <span class='ocrx_word' id='word_1_163' title='bbox 521 1906 686 1957; x_wconf 69' lang='lat' dir='ltr'>Coelius,</span> <span class='ocrx_word' id='word_1_164' title='bbox 718 1909 814 1966; x_wconf 85' lang='lat' dir='ltr'>Qa</span> <span class='ocrx_word' id='word_1_165' title='bbox 851 1907 1083 1964; x_wconf 86' lang='lat' dir='ltr'>tempestate</span> 
     </span>
     <span class='ocr_line' id='line_1_28' title="bbox 271 1960 1083 2022; baseline 0.004 -18"><span class='ocrx_word' id='word_1_166' title='bbox 271 1960 428 2011; x_wconf 77' lang='lat' dir='ltr'>Poenus</span> <span class='ocrx_word' id='word_1_167' title='bbox 452 1964 501 2006; x_wconf 81' lang='lat' dir='ltr'>in</span> <span class='ocrx_word' id='word_1_168' title='bbox 528 1963 697 2008; x_wconf 77' lang='lat' dir='ltr'>Italiam</span> <span class='ocrx_word' id='word_1_169' title='bbox 728 1966 840 2008; x_wconf 85' lang='lat' dir='ltr'>venit</span> <span class='ocrx_word' id='word_1_170' title='bbox 856 1983 868 2007; x_wconf 77' lang='lat' dir='ltr'><em>z</em></span> <span class='ocrx_word' id='word_1_171' title='bbox 901 1980 972 2020; x_wconf 71' lang='lat' dir='ltr'>nec</span> <span class='ocrx_word' id='word_1_172' title='bbox 989 1980 1083 2022; x_wconf 85' lang='lat' dir='ltr'>pro-</span> 
     </span>
     <span class='ocr_line' id='line_1_29' title="bbox 270 2017 1082 2075; baseline 0.005 -14"><span class='ocrx_word' id='word_1_173' title='bbox 270 2017 368 2071; x_wconf 85' lang='lat' dir='ltr'>lem,</span> <span class='ocrx_word' id='word_1_174' title='bbox 401 2029 478 2063; x_wconf 86' lang='lat' dir='ltr'>aut</span> <span class='ocrx_word' id='word_1_175' title='bbox 508 2021 704 2075; x_wconf 77' lang='lat' dir='ltr'>subolem,</span> <span class='ocrx_word' id='word_1_176' title='bbox 737 2031 812 2065; x_wconf 82' lang='lat' dir='ltr'>aut</span> <span class='ocrx_word' id='word_1_177' title='bbox 843 2022 975 2073; x_wconf 79' lang='lat' dir='ltr'>effari,</span> <span class='ocrx_word' id='word_1_178' title='bbox 1007 2031 1082 2065; x_wconf 80' lang='lat' dir='ltr'>aut</span> 
     </span>
     <span class='ocr_line' id='line_1_30' title="bbox 269 2080 1081 2137; baseline 0.002 -17"><span class='ocrx_word' id='word_1_179' title='bbox 269 2080 524 2135; x_wconf 80' lang='lat' dir='ltr'>nuncupari3</span> <span class='ocrx_word' id='word_1_180' title='bbox 554 2087 640 2128; x_wconf 82' lang='lat' dir='ltr'>aut,</span> <span class='ocrx_word' id='word_1_181' title='bbox 660 2089 705 2122; x_wconf 83' lang='lat' dir='ltr'>ut</span> <span class='ocrx_word' id='word_1_182' title='bbox 724 2088 768 2122; x_wconf 88' lang='lat' dir='ltr'>tu</span> <span class='ocrx_word' id='word_1_183' title='bbox 784 2080 903 2137; x_wconf 68' lang='lat' dir='ltr'>soles,</span> <span class='ocrx_word' id='word_1_184' title='bbox 925 2080 1081 2131; x_wconf 81' lang='lat' dir='ltr'><em>Catule,</em></span> 
     </span>
     <span class='ocr_line' id='line_1_31' title="bbox 271 2137 1084 2195; baseline 0.002 -17"><span class='ocrx_word' id='word_1_185' title='bbox 271 2150 355 2178; x_wconf 85' lang='lat' dir='ltr'>non</span> <span class='ocrx_word' id='word_1_186' title='bbox 386 2139 503 2179; x_wconf 81' lang='lat' dir='ltr'>rebar</span> <span class='ocrx_word' id='word_1_187' title='bbox 534 2146 608 2180; x_wconf 84' lang='lat' dir='ltr'>aut</span> <span class='ocrx_word' id='word_1_188' title='bbox 634 2139 860 2195; x_wconf 60' lang='lat' dir='ltr'>opinabar-3</span> <span class='ocrx_word' id='word_1_189' title='bbox 889 2146 963 2184; x_wconf 78' lang='lat' dir='ltr'>aut</span> <span class='ocrx_word' id='word_1_190' title='bbox 993 2137 1084 2180; x_wconf 88' lang='lat' dir='ltr'>alia</span> 
     </span>
     <span class='ocr_line' id='line_1_32' title="bbox 269 2193 1085 2253; baseline 0.004 -18"><span class='ocrx_word' id='word_1_191' title='bbox 269 2193 418 2244; x_wconf 80' lang='lat' dir='ltr'>multa,</span> <span class='ocrx_word' id='word_1_192' title='bbox 445 2194 586 2252; x_wconf 78' lang='lat' dir='ltr'>quibus</span> <span class='ocrx_word' id='word_1_193' title='bbox 617 2196 695 2238; x_wconf 87' lang='lat' dir='ltr'>loco</span> <span class='ocrx_word' id='word_1_194' title='bbox 721 2196 853 2253; x_wconf 76' lang='lat' dir='ltr'>positis</span> <span class='ocrx_word' id='word_1_195' title='bbox 882 2195 1085 2252; x_wconf 85' lang='lat' dir='ltr'><em>grandior</em></span> 
     </span>
     <span class='ocr_line' id='line_1_33' title="bbox 271 2251 1086 2351; baseline 0.005 -59"><span class='ocrx_word' id='word_1_196' title='bbox 271 2259 396 2351; x_wconf 64' lang='lat' dir='ltr'><em>athue</em></span> <span class='ocrx_word' id='word_1_197' title='bbox 425 2251 627 2309; x_wconf 76' lang='lat' dir='ltr'>antiquior</span> <span class='ocrx_word' id='word_1_198' title='bbox 651 2253 780 2296; x_wconf 84' lang='lat' dir='ltr'>oratio</span> <span class='ocrx_word' id='word_1_199' title='bbox 796 2255 910 2311; x_wconf 83' lang='lat' dir='ltr'>saepe</span> <span class='ocrx_word' id='word_1_200' title='bbox 942 2252 1086 2296; x_wconf 80' lang='lat' dir='ltr'>videri</span> 
     </span>
     <span class='ocr_line' id='line_1_34' title="bbox 258 2309 1082 2368; baseline 0.004 -17"><span class='ocrx_word' id='word_1_201' title='bbox 258 2309 308 2367; x_wconf 78' lang='lat' dir='ltr'><em>fh</em></span> <span class='ocrx_word' id='word_1_202' title='bbox 323 2317 379 2351; x_wconf 85' lang='lat' dir='ltr'>et.</span> <span class='ocrx_word' id='word_1_203' title='bbox 423 2311 488 2353; x_wconf 87' lang='lat' dir='ltr'>De</span> <span class='ocrx_word' id='word_1_204' title='bbox 500 2310 692 2368; x_wconf 75' lang='lat' dir='ltr'><em>prosapia</em></span> <span class='ocrx_word' id='word_1_205' title='bbox 719 2311 903 2354; x_wconf 85' lang='lat' dir='ltr'>laudavit</span> <span class='ocrx_word' id='word_1_206' title='bbox 921 2311 1082 2354; x_wconf 84' lang='lat' dir='ltr'>Voffius</span> 
     </span>
     <span class='ocr_line' id='line_1_35' title="bbox 272 2365 1082 2423; baseline 0.002 -15"><span class='ocrx_word' id='word_1_207' title='bbox 272 2365 411 2409; x_wconf 87' lang='lat' dir='ltr'>locum</span> <span class='ocrx_word' id='word_1_208' title='bbox 440 2368 651 2411; x_wconf 80' lang='lat' dir='ltr'>Ciceronis</span> <span class='ocrx_word' id='word_1_209' title='bbox 679 2384 701 2411; x_wconf 89' lang='lat' dir='ltr'>e</span> <span class='ocrx_word' id='word_1_210' title='bbox 727 2368 879 2423; x_wconf 74' lang='lat' dir='ltr'>fragm.</span> <span class='ocrx_word' id='word_1_211' title='bbox 908 2369 1082 2418; x_wconf 71' lang='lat' dir='ltr'>Timaei,</span> 
     </span>
     <span class='ocr_line' id='line_1_36' title="bbox 268 2424 1084 2485; baseline 0 -17"><span class='ocrx_word' id='word_1_212' title='bbox 268 2424 449 2477; x_wconf 73' lang='lat' dir='ltr'>Jovem,</span> <span class='ocrx_word' id='word_1_213' title='bbox 479 2426 697 2479; x_wconf 83' lang='lat' dir='ltr'>Junonem,</span> <span class='ocrx_word' id='word_1_214' title='bbox 728 2426 913 2485; x_wconf 82' lang='lat' dir='ltr'>reliquos,</span> <span class='ocrx_word' id='word_1_215' title='bbox 944 2434 984 2469; x_wconf 85' lang='lat' dir='ltr'>et</span> <span class='ocrx_word' id='word_1_216' title='bbox 1019 2439 1084 2468; x_wconf 82' lang='lat' dir='ltr'>eo-</span> 
     </span>
     <span class='ocr_line' id='line_1_37' title="bbox 272 2484 1084 2542; baseline 0.001 -18"><span class='ocrx_word' id='word_1_217' title='bbox 272 2497 382 2532; x_wconf 86' lang='lat' dir='ltr'>rum,</span> <span class='ocrx_word' id='word_1_218' title='bbox 400 2491 446 2526; x_wconf 83' lang='lat' dir='ltr'>ut</span> <span class='ocrx_word' id='word_1_219' title='bbox 471 2491 635 2527; x_wconf 83' lang='lat' dir='ltr'>utamur</span> <span class='ocrx_word' id='word_1_220' title='bbox 660 2484 800 2528; x_wconf 80' lang='lat' dir='ltr'>veteri</span> <span class='ocrx_word' id='word_1_221' title='bbox 826 2484 972 2534; x_wconf 81' lang='lat' dir='ltr'>verbo,</span> <span class='ocrx_word' id='word_1_222' title='bbox 989 2497 1084 2542; x_wconf 88' lang='lat' dir='ltr'>pro-</span> 
     </span>
     <span class='ocr_line' id='line_1_38' title="bbox 271 2540 1087 2600; baseline 0.001 -17"><span class='ocrx_word' id='word_1_223' title='bbox 271 2540 443 2597; x_wconf 79' lang='lat' dir='ltr'>sapiam.</span> <span class='ocrx_word' id='word_1_224' title='bbox 501 2541 720 2584; x_wconf 78' lang='lat' dir='ltr'>Caeterum</span> <span class='ocrx_word' id='word_1_225' title='bbox 746 2541 955 2585; x_wconf 84' lang='lat' dir='ltr'>horribilis</span> <span class='ocrx_word' id='word_1_226' title='bbox 989 2556 1087 2600; x_wconf 88' lang='lat' dir='ltr'>pene</span> 
     </span>
     <span class='ocr_line' id='line_1_39' title="bbox 270 2598 1085 2657; baseline 0 -17"><span class='ocrx_word' id='word_1_227' title='bbox 270 2599 316 2640; x_wconf 86' lang='lat' dir='ltr'>in</span> <span class='ocrx_word' id='word_1_228' title='bbox 338 2598 421 2651; x_wconf 62' lang='lat' dir='ltr'>liis,</span> <span class='ocrx_word' id='word_1_229' title='bbox 440 2614 535 2657; x_wconf 76' lang='lat' dir='ltr'>quae</span> <span class='ocrx_word' id='word_1_230' title='bbox 559 2599 797 2656; x_wconf 86' lang='lat' dir='ltr'>sequuntur,</span> <span class='ocrx_word' id='word_1_231' title='bbox 817 2599 1000 2642; x_wconf 64' lang='lat' dir='ltr'>iee‘tionis</span> <span class='ocrx_word' id='word_1_232' title='bbox 1014 2614 1085 2642; x_wconf 89' lang='lat' dir='ltr'>va-</span> 
     </span>
     <span class='ocr_line' id='line_1_40' title="bbox 268 2656 1086 2714; baseline 0.004 -17"><span class='ocrx_word' id='word_1_233' title='bbox 268 2657 413 2707; x_wconf 80' lang='lat' dir='ltr'>rietas,</span> <span class='ocrx_word' id='word_1_234' title='bbox 433 2673 558 2714; x_wconf 78' lang='lat' dir='ltr'>quam</span> <span class='ocrx_word' id='word_1_235' title='bbox 579 2657 683 2700; x_wconf 82' lang='lat' dir='ltr'>male</span> <span class='ocrx_word' id='word_1_236' title='bbox 713 2656 758 2700; x_wconf 83' lang='lat' dir='ltr'>fit</span> <span class='ocrx_word' id='word_1_237' title='bbox 786 2658 952 2700; x_wconf 89' lang='lat' dir='ltr'>habitus</span> <span class='ocrx_word' id='word_1_238' title='bbox 980 2671 1005 2700; x_wconf 85' lang='lat' dir='ltr'>a</span> <span class='ocrx_word' id='word_1_239' title='bbox 1035 2656 1086 2700; x_wconf 86' lang='lat' dir='ltr'>li-</span> 
     </span>
     <span class='ocr_line' id='line_1_41' title="bbox 275 2714 1088 2774; baseline 0.001 -18"><span class='ocrx_word' id='word_1_240' title='bbox 275 2714 423 2757; x_wconf 80' lang='lat' dir='ltr'>brariis</span> <span class='ocrx_word' id='word_1_241' title='bbox 461 2714 1007 2774; x_wconf 66' lang='lat' dir='ltr'>Qinfiiilianus„ostendit,</span> <span class='ocrx_word' id='word_1_242' title='bbox 1046 2724 1088 2757; x_wconf 88' lang='lat' dir='ltr'>et</span> 
     </span>
     <span class='ocr_line' id='line_1_42' title="bbox 270 2771 1088 2831; baseline 0 -17"><span class='ocrx_word' id='word_1_243' title='bbox 270 2785 402 2828; x_wconf 83' lang='lat' dir='ltr'>quam</span> <span class='ocrx_word' id='word_1_244' title='bbox 422 2788 566 2831; x_wconf 83' lang='lat' dir='ltr'>parum</span> <span class='ocrx_word' id='word_1_245' title='bbox 579 2771 744 2830; x_wconf 70' lang='lat' dir='ltr'>liquido</span> <span class='ocrx_word' id='word_1_246' title='bbox 754 2773 948 2816; x_wconf 79' lang='lat' dir='ltr'>constitui</span> <span class='ocrx_word' id='word_1_247' title='bbox 971 2773 1022 2815; x_wconf 91' lang='lat' dir='ltr'>de</span> <span class='ocrx_word' id='word_1_248' title='bbox 1041 2787 1088 2814; x_wconf 87' lang='lat' dir='ltr'>ea</span> 
     </span>
     <span class='ocr_line' id='line_1_43' title="bbox 271 2829 547 2889; baseline 0 -17"><span class='ocrx_word' id='word_1_249' title='bbox 271 2829 396 2874; x_wconf 70' lang='lat' dir='ltr'>hodie</span> <span class='ocrx_word' id='word_1_250' title='bbox 415 2830 547 2889; x_wconf 86' lang='lat' dir='ltr'>possit.</span> 
     </span>
    </p>

    <p class='ocr_par' dir='ltr' id='par_1_17' title="bbox 264 2887 1096 3638">
     <span class='ocr_line' id='line_1_44' title="bbox 336 2887 1090 2945; baseline 0.001 -15"><span class='ocrx_word' id='word_1_251' title='bbox 336 2903 408 2940; x_wconf 83' lang='lat'>²7·</span> <span class='ocrx_word' id='word_1_252' title='bbox 438 2895 686 2945; x_wconf 80' lang='lat' dir='ltr'>nuncupare,</span> <span class='ocrx_word' id='word_1_253' title='bbox 702 2897 746 2931; x_wconf 82' lang='lat' dir='ltr'>et</span> <span class='ocrx_word' id='word_1_254' title='bbox 759 2887 881 2944; x_wconf 78' lang='lat' dir='ltr'>fari]</span> <span class='ocrx_word' id='word_1_255' title='bbox 904 2889 1090 2931; x_wconf 87' lang='lat' dir='ltr'>Verbum</span> 
     </span>
     <span class='ocr_line' id='line_1_45' title="bbox 264 2946 1089 3004; baseline 0 -16"><span class='ocrx_word' id='word_1_256' title='bbox 264 2954 500 3004; x_wconf 65' lang='lat' dir='ltr'>utrumque</span> <span class='ocrx_word' id='word_1_257' title='bbox 535 2946 809 2996; x_wconf 76' lang='lat' dir='ltr'>necessarium,</span> <span class='ocrx_word' id='word_1_258' title='bbox 838 2947 937 3002; x_wconf 86' lang='lat' dir='ltr'>quia</span> <span class='ocrx_word' id='word_1_259' title='bbox 965 2946 1089 2989; x_wconf 89' lang='lat' dir='ltr'>solen-</span> 
     </span>
     <span class='ocr_line' id='line_1_46' title="bbox 276 3003 1090 3062; baseline 0.004 -17"><span class='ocrx_word' id='word_1_260' title='bbox 276 3017 329 3046; x_wconf 86' lang='lat' dir='ltr'>ne</span> <span class='ocrx_word' id='word_1_261' title='bbox 341 3022 354 3046; x_wconf 67' lang='grc' dir='ltr'><strong>ε</strong></span> <span class='ocrx_word' id='word_1_262' title='bbox 383 3005 560 3047; x_wconf 78' lang='lat' dir='ltr'>altemm</span> <span class='ocrx_word' id='word_1_263' title='bbox 578 3004 621 3046; x_wconf 88' lang='lat' dir='ltr'>in</span> <span class='ocrx_word' id='word_1_264' title='bbox 639 3003 894 3061; x_wconf 69' lang='lat' dir='ltr'>testamentis,</span> <span class='ocrx_word' id='word_1_265' title='bbox 910 3005 1090 3062; x_wconf 85' lang='lat' dir='ltr'>itemque</span> 
     </span>
     <span class='ocr_line' id='line_1_47' title="bbox 271 3061 1088 3118; baseline 0.001 -15"><span class='ocrx_word' id='word_1_266' title='bbox 271 3061 321 3103; x_wconf 64' lang='lat' dir='ltr'>⁴in</span> <span class='ocrx_word' id='word_1_267' title='bbox 355 3061 495 3116; x_wconf 76' lang='lat' dir='ltr'>voti53</span> <span class='ocrx_word' id='word_1_268' title='bbox 543 3061 683 3116; x_wconf 82' lang='lat' dir='ltr'>Effari</span> <span class='ocrx_word' id='word_1_269' title='bbox 717 3071 853 3104; x_wconf 86' lang='lat' dir='ltr'>autem</span> <span class='ocrx_word' id='word_1_270' title='bbox 889 3061 961 3118; x_wconf 88' lang='lat' dir='ltr'>(fic</span> <span class='ocrx_word' id='word_1_271' title='bbox 981 3063 1088 3104; x_wconf 83' lang='lat' dir='ltr'>enim</span> 
     </span>
     <span class='ocr_line' id='line_1_48' title="bbox 276 3119 1088 3177; baseline 0.002 -17"><span class='ocrx_word' id='word_1_272' title='bbox 276 3119 495 3176; x_wconf 84' lang='lat' dir='ltr'>legendum</span> <span class='ocrx_word' id='word_1_273' title='bbox 542 3123 758 3177; x_wconf 84' lang='lat' dir='ltr'>putamus)</span> <span class='ocrx_word' id='word_1_274' title='bbox 793 3119 834 3162; x_wconf 89' lang='lat' dir='ltr'>in</span> <span class='ocrx_word' id='word_1_275' title='bbox 881 3133 1088 3176; x_wconf 86' lang='lat' dir='ltr'>augurum</span> 
     </span>
     <span class='ocr_line' id='line_1_49' title="bbox 277 3177 1090 3220; baseline -0.001 0"><span class='ocrx_word' id='word_1_276' title='bbox 277 3178 376 3220; x_wconf 85' lang='lat' dir='ltr'>disci</span> <span class='ocrx_word' id='word_1_277' title='bbox 409 3178 506 3220; x_wconf 87' lang='lat' dir='ltr'>lina.</span> <span class='ocrx_word' id='word_1_278' title='bbox 538 3177 643 3220; x_wconf 87' lang='lat' dir='ltr'>Vide</span> <span class='ocrx_word' id='word_1_279' title='bbox 669 3177 856 3220; x_wconf 84' lang='lat' dir='ltr'>laudatos</span> <span class='ocrx_word' id='word_1_280' title='bbox 877 3177 965 3220; x_wconf 90' lang='lat' dir='ltr'>viro</span> <span class='ocrx_word' id='word_1_281' title='bbox 981 3177 1090 3219; x_wconf 83' lang='lat' dir='ltr'>sum-</span> 
     </span>
     <span class='ocr_line' id='line_1_50' title="bbox 269 3194 1089 3288; baseline -0.001 -11"><span class='ocrx_word' id='word_1_282' title='bbox 269 3250 350 3277; x_wconf 82' lang='lat' dir='ltr'>mo</span> <span class='ocrx_word' id='word_1_283' title='bbox 369 3194 464 3278; x_wconf 63' lang='lat' dir='ltr'>gie,</span> <span class='ocrx_word' id='word_1_284' title='bbox 484 3236 536 3279; x_wconf 86' lang='lat' dir='ltr'>ad</span> <span class='ocrx_word' id='word_1_285' title='bbox 556 3235 656 3278; x_wconf 83' lang='lat' dir='ltr'>Att.</span> <span class='ocrx_word' id='word_1_286' title='bbox 683 3250 751 3288; x_wconf 82' lang='lat'>13,</span> <span class='ocrx_word' id='word_1_287' title='bbox 770 3250 827 3288; x_wconf 83' lang='lat'>42</span> <span class='ocrx_word' id='word_1_288' title='bbox 849 3247 954 3277; x_wconf 82' lang='lat' dir='ltr'>extr.</span> <span class='ocrx_word' id='word_1_289' title='bbox 975 3236 1089 3277; x_wconf 84' lang='lat' dir='ltr'>Serv.</span> 
     </span>
     <span class='ocr_line' id='line_1_51' title="bbox 280 3292 1088 3347; baseline 0 -12"><span class='ocrx_word' id='word_1_290' title='bbox 280 3293 332 3335; x_wconf 85' lang='lat' dir='ltr'>ad</span> <span class='ocrx_word' id='word_1_291' title='bbox 355 3297 465 3338; x_wconf 88' lang='lat' dir='ltr'>AEn.</span> <span class='ocrx_word' id='word_1_292' title='bbox 490 3309 530 3347; x_wconf 86' lang='lat'>3,</span> <span class='ocrx_word' id='word_1_293' title='bbox 549 3295 654 3347; x_wconf 83' lang='lat'>463,</span> <span class='ocrx_word' id='word_1_294' title='bbox 687 3301 729 3334; x_wconf 87' lang='lat' dir='ltr'>et</span> <span class='ocrx_word' id='word_1_295' title='bbox 757 3296 800 3342; x_wconf 89' lang='grc'>6,</span> <span class='ocrx_word' id='word_1_296' title='bbox 824 3307 921 3347; x_wconf 83' lang='lat'><strong>197.</strong></span> <span class='ocrx_word' id='word_1_297' title='bbox 968 3292 1088 3335; x_wconf 86' lang='lat' dir='ltr'><strong>Add.</strong></span> 
     </span>
     <span class='ocr_line' id='line_1_52' title="bbox 268 3349 1093 3408; baseline -0.002 -15"><span class='ocrx_word' id='word_1_298' title='bbox 268 3351 377 3399; x_wconf 62' lang='lat' dir='ltr'>,Cim</span> <span class='ocrx_word' id='word_1_299' title='bbox 411 3352 463 3394; x_wconf 90' lang='lat' dir='ltr'>de</span> <span class='ocrx_word' id='word_1_300' title='bbox 493 3353 630 3408; x_wconf 87' lang='lat' dir='ltr'>Legg.</span> <span class='ocrx_word' id='word_1_301' title='bbox 656 3366 697 3400; x_wconf 86' lang='lat'>2,</span> <span class='ocrx_word' id='word_1_302' title='bbox 721 3354 763 3401; x_wconf 85' lang='lat'>8,</span> <span class='ocrx_word' id='word_1_303' title='bbox 790 3349 1024 3408; x_wconf 83' lang='lat' dir='ltr'>Urbemque‚</span> <span class='ocrx_word' id='word_1_304' title='bbox 1052 3357 1093 3392; x_wconf 85' lang='lat' dir='ltr'>et</span> 
     </span>
     <span class='ocr_line' id='line_1_53' title="bbox 270 3406 1093 3464; baseline 0 -14"><span class='ocrx_word' id='word_1_305' title='bbox 270 3422 416 3464; x_wconf 73' lang='lat' dir='ltr'>agros,</span> <span class='ocrx_word' id='word_1_306' title='bbox 437 3418 477 3452; x_wconf 88' lang='lat' dir='ltr'>et</span> <span class='ocrx_word' id='word_1_307' title='bbox 512 3407 661 3463; x_wconf 80' lang='lat' dir='ltr'>templa</span> <span class='ocrx_word' id='word_1_308' title='bbox 687 3407 868 3450; x_wconf 81' lang='lat' dir='ltr'>liberata</span> <span class='ocrx_word' id='word_1_309' title='bbox 895 3415 934 3449; x_wconf 81' lang='lat' dir='ltr'>et</span> <span class='ocrx_word' id='word_1_310' title='bbox 961 3406 1093 3463; x_wconf 86' lang='lat' dir='ltr'>effata</span> 
     </span>
     <span class='ocr_line' id='line_1_54' title="bbox 266 3466 1093 3521; baseline -0.001 -12"><span class='ocrx_word' id='word_1_311' title='bbox 266 3466 479 3521; x_wconf 76' lang='lat' dir='ltr'>-habent03</span> <span class='ocrx_word' id='word_1_312' title='bbox 508 3468 585 3509; x_wconf 89' lang='lat' dir='ltr'>ubi</span> <span class='ocrx_word' id='word_1_313' title='bbox 617 3466 701 3508; x_wconf 88' lang='lat' dir='ltr'>vid.</span> <span class='ocrx_word' id='word_1_314' title='bbox 725 3466 894 3508; x_wconf 88' lang='lat' dir='ltr'>Manut.</span> <span class='ocrx_word' id='word_1_315' title='bbox 928 3480 975 3509; x_wconf 85' lang='lat' dir='ltr'>ac</span> <span class='ocrx_word' id='word_1_316' title='bbox 1005 3466 1093 3508; x_wconf 83' lang='lat' dir='ltr'>Da·</span> 
     </span>
     <span class='ocr_line' id='line_1_55' title="bbox 269 3523 378 3567; baseline -0.028 0"><span class='ocrx_word' id='word_1_317' title='bbox 269 3523 378 3567; x_wconf 52' lang='lat' dir='ltr'>vies.</span> 
     </span>
     <span class='ocr_line' id='line_1_56' title="bbox 287 3579 1096 3638; baseline -0.002 -14"><span class='ocrx_word' id='word_1_318' title='bbox 287 3620 291 3624; x_wconf 90' lang='lat'><strong>.</strong></span> <span class='ocrx_word' id='word_1_319' title='bbox 342 3596 413 3633; x_wconf 82' lang='lat'>27.</span> <span class='ocrx_word' id='word_1_320' title='bbox 433 3580 610 3636; x_wconf 56' lang='lat' dir='ltr'>‚mirifice</span> <span class='ocrx_word' id='word_1_321' title='bbox 641 3579 853 3636; x_wconf 77' lang='lat' dir='ltr'><em>Virgilius]</em></span> <span class='ocrx_word' id='word_1_322' title='bbox 885 3582 1096 3638; x_wconf 85' lang='lat' dir='ltr'>Qaecun-</span> 
     </span>
    </p>
   </div>
   <div class='ocr_carea' id='block_1_16' title="bbox 509 1338 1976 1394">
    <p class='ocr_par' dir='ltr' id='par_1_18' title="bbox 509 1338 1976 1394">
     <span class='ocr_line' id='line_1_57' title="bbox 509 1338 1976 1394; baseline -0.001 -13"><span class='ocrx_word' id='word_1_323' title='bbox 509 1344 586 1382; x_wconf 87' lang='lat' dir='ltr'>Sed</span> <span class='ocrx_word' id='word_1_324' title='bbox 617 1356 755 1383; x_wconf 87' lang='lat' dir='ltr'>eruam</span> <span class='ocrx_word' id='word_1_325' title='bbox 784 1344 1008 1384; x_wconf 79' lang='lat' dir='ltr'>universam</span> <span class='ocrx_word' id='word_1_326' title='bbox 1039 1343 1124 1391; x_wconf 83' lang='lat' dir='ltr'>ejus</span> <span class='ocrx_word' id='word_1_327' title='bbox 1155 1342 1399 1392; x_wconf 87' lang='lat' dir='ltr'>perosapiam</span> <span class='ocrx_word' id='word_1_328' title='bbox 1438 1340 1528 1380; x_wconf 87' lang='lat' dir='ltr'>Obr.</span> <span class='ocrx_word' id='word_1_329' title='bbox 1562 1339 1658 1394; x_wconf 81' lang='lat' dir='ltr'>quod</span> <span class='ocrx_word' id='word_1_330' title='bbox 1683 1338 1808 1390; x_wconf 82' lang='lat' dir='ltr'>placet</span> <span class='ocrx_word' id='word_1_331' title='bbox 1845 1342 1976 1384; x_wconf 75' lang='lat' dir='ltr'>Bur-nt.</span> 
     </span>
    </p>
   </div>
   <div class='ocr_carea' id='block_1_17' title="bbox 1157 1394 1976 1443">
    <p class='ocr_par' dir='ltr' id='par_1_19' title="bbox 1157 1394 1976 1443">
     <span class='ocr_line' id='line_1_58' title="bbox 1157 1394 1976 1443; baseline -0.001 -10"><span class='ocrx_word' id='word_1_332' title='bbox 1157 1401 1174 1426; x_wconf 64' lang='grc' dir='ltr'>ὅ</span> <span class='ocrx_word' id='word_1_333' title='bbox 1207 1394 1371 1434; x_wconf 80' lang='lat' dir='ltr'>insulsus</span> <span class='ocrx_word' id='word_1_334' title='bbox 1392 1395 1442 1432; x_wconf 91' lang='lat' dir='ltr'>G.</span> <span class='ocrx_word' id='word_1_335' title='bbox 1632 1394 1651 1418; x_wconf 69' lang='lat'>*¹</span> <span class='ocrx_word' id='word_1_336' title='bbox 1684 1394 1914 1443; x_wconf 83' lang='lat' dir='ltr'>proprie&#39;G.</span> <span class='ocrx_word' id='word_1_337' title='bbox 1937 1406 1976 1432; x_wconf 84' lang='lat'>2.</span> 
     </span>
    </p>
   </div>
   <div class='ocr_carea' id='block_1_18' title="bbox 659 1446 1977 1609">
    <p class='ocr_par' dir='ltr' id='par_1_20' title="bbox 659 1446 1977 1609">
     <span class='ocr_line' id='line_1_59' title="bbox 774 1446 1977 1500; baseline -0.004 -10"><span class='ocrx_word' id='word_1_338' title='bbox 774 1449 795 1476; x_wconf 53' lang='grc' dir='ltr'><strong><em>κ</em></strong></span> <span class='ocrx_word' id='word_1_339' title='bbox 827 1461 1083 1500; x_wconf 81' lang='lat' dir='ltr'>enuncupare</span> <span class='ocrx_word' id='word_1_340' title='bbox 1101 1450 1151 1488; x_wconf 85' lang='lat' dir='ltr'>G.</span> <span class='ocrx_word' id='word_1_341' title='bbox 1172 1450 1224 1488; x_wconf 88' lang='lat' dir='ltr'>G.</span> <span class='ocrx_word' id='word_1_342' title='bbox 1246 1462 1283 1488; x_wconf 91' lang='lat'>2.</span> <span class='ocrx_word' id='word_1_343' title='bbox 1301 1447 1406 1487; x_wconf 83' lang='lat' dir='ltr'>Jens.</span> <span class='ocrx_word' id='word_1_344' title='bbox 1434 1455 1469 1486; x_wconf 80' lang='lat' dir='ltr'>et</span> <span class='ocrx_word' id='word_1_345' title='bbox 1495 1447 1549 1486; x_wconf 83' lang='lat' dir='ltr'>al.</span> <span class='ocrx_word' id='word_1_346' title='bbox 1568 1447 1661 1485; x_wconf 81' lang='lat' dir='ltr'>unde</span> <span class='ocrx_word' id='word_1_347' title='bbox 1677 1455 1804 1484; x_wconf 80' lang='lat' dir='ltr'>natum</span> <span class='ocrx_word' id='word_1_348' title='bbox 1822 1446 1977 1485; x_wconf 76' lang='lat' dir='ltr'>aliorum</span> 
     </span>
     <span class='ocr_line' id='line_1_60' title="bbox 671 1502 1524 1554; baseline -0.005 -11"><span class='ocrx_word' id='word_1_349' title='bbox 671 1503 682 1529; x_wconf 88' lang='lat'><strong>¹</strong></span> <span class='ocrx_word' id='word_1_350' title='bbox 712 1504 820 1543; x_wconf 79' lang='lat' dir='ltr'>effari</span> <span class='ocrx_word' id='word_1_351' title='bbox 843 1505 934 1543; x_wconf 81' lang='lat' dir='ltr'>Obr.</span> <span class='ocrx_word' id='word_1_352' title='bbox 947 1509 1040 1542; x_wconf 62' lang='lat' dir='ltr'>recle</span> <span class='ocrx_word' id='word_1_353' title='bbox 1050 1511 1141 1554; x_wconf 83' lang='lat' dir='ltr'>puto</span> <span class='ocrx_word' id='word_1_354' title='bbox 1153 1517 1166 1540; x_wconf 94' lang='grc'>.·</span> <span class='ocrx_word' id='word_1_355' title='bbox 1196 1511 1230 1541; x_wconf 90' lang='lat' dir='ltr'>et</span> <span class='ocrx_word' id='word_1_356' title='bbox 1240 1502 1376 1554; x_wconf 81' lang='lat' dir='ltr'>probat</span> <span class='ocrx_word' id='word_1_357' title='bbox 1393 1502 1524 1540; x_wconf 88' lang='lat' dir='ltr'>Burm.</span> 
     </span>
     <span class='ocr_line' id='line_1_61' title="bbox 659 1557 1183 1609; baseline -0.004 -12"><span class='ocrx_word' id='word_1_358' title='bbox 659 1564 683 1589; x_wconf 80' lang='lat'>¹¹</span> <span class='ocrx_word' id='word_1_359' title='bbox 705 1572 780 1598; x_wconf 66' lang='lat' dir='ltr'>vm.</span> <span class='ocrx_word' id='word_1_360' title='bbox 799 1558 850 1599; x_wconf 89' lang='lat' dir='ltr'>G.</span> <span class='ocrx_word' id='word_1_361' title='bbox 871 1571 909 1598; x_wconf 87' lang='lat'>2.</span> <span class='ocrx_word' id='word_1_362' title='bbox 929 1558 1062 1609; x_wconf 85' lang='lat' dir='ltr'>Kapp.</span> <span class='ocrx_word' id='word_1_363' title='bbox 1077 1557 1183 1596; x_wconf 73' lang='lat' dir='ltr'>Jens.</span> 
     </span>
    </p>
   </div>
   <div class='ocr_carea' id='block_1_19' title="bbox 1318 1500 1978 1607">
    <p class='ocr_par' dir='ltr' id='par_1_21' title="bbox 1318 1500 1978 1607">
     <span class='ocr_line' id='line_1_62' title="bbox 1659 1500 1978 1547; baseline 0.006 -8"><span class='ocrx_word' id='word_1_364' title='bbox 1659 1505 1690 1524; x_wconf 82' lang='lat'>¹¹²</span> <span class='ocrx_word' id='word_1_365' title='bbox 1721 1515 1790 1540; x_wconf 79' lang='lat' dir='ltr'>om.</span> <span class='ocrx_word' id='word_1_366' title='bbox 1808 1500 1857 1540; x_wconf 89' lang='lat' dir='ltr'>G.</span> <span class='ocrx_word' id='word_1_367' title='bbox 1870 1501 1922 1540; x_wconf 59' lang='grc' dir='ltr'>(Ξ.</span> <span class='ocrx_word' id='word_1_368' title='bbox 1937 1514 1978 1547; x_wconf 71' lang='lat'>2,</span> 
     </span>
     <span class='ocr_line' id='line_1_63' title="bbox 1318 1553 1688 1607; baseline -0.003 -13"><span class='ocrx_word' id='word_1_369' title='bbox 1318 1561 1336 1580; x_wconf 90' lang='lat'><strong>⁰</strong></span> <span class='ocrx_word' id='word_1_370' title='bbox 1368 1562 1407 1594; x_wconf 87' lang='lat' dir='ltr'>et</span> <span class='ocrx_word' id='word_1_371' title='bbox 1425 1554 1491 1607; x_wconf 55' lang='grc' dir='ltr'>ιη’.</span> <span class='ocrx_word' id='word_1_372' title='bbox 1511 1555 1562 1594; x_wconf 88' lang='lat' dir='ltr'>G.</span> <span class='ocrx_word' id='word_1_373' title='bbox 1582 1553 1688 1593; x_wconf 81' lang='lat' dir='ltr'>Jens.</span> 
     </span>
    </p>
   </div>
   <div class='ocr_carea' id='block_1_20' title="bbox 1158 1730 1978 1789">
    <p class='ocr_par' dir='ltr' id='par_1_22' title="bbox 1158 1730 1978 1789">
     <span class='ocr_line' id='line_1_64' title="bbox 1158 1730 1978 1789; baseline -0.002 -14"><span class='ocrx_word' id='word_1_374' title='bbox 1158 1747 1242 1789; x_wconf 83' lang='lat' dir='ltr'>qne</span> <span class='ocrx_word' id='word_1_375' title='bbox 1273 1731 1339 1774; x_wconf 84' lang='lat' dir='ltr'>hic</span> <span class='ocrx_word' id='word_1_376' title='bbox 1358 1731 1581 1774; x_wconf 75' lang='lat' dir='ltr'>delii-arunt</span> <span class='ocrx_word' id='word_1_377' title='bbox 1606 1730 1782 1781; x_wconf 81' lang='lat' dir='ltr'>librarii,</span> <span class='ocrx_word' id='word_1_378' title='bbox 1812 1740 1885 1774; x_wconf 85' lang='lat' dir='ltr'>aut</span> <span class='ocrx_word' id='word_1_379' title='bbox 1908 1731 1978 1774; x_wconf 81' lang='lat' dir='ltr'>in-</span> 
     </span>
    </p>
   </div>
   <div class='ocr_carea' id='block_1_21' title="bbox 1160 1789 1988 3636">
    <p class='ocr_par' dir='ltr' id='par_1_23' title="bbox 1160 1789 1988 3636">
     <span class='ocr_line' id='line_1_65' title="bbox 1160 1789 1979 1847; baseline 0 -15"><span class='ocrx_word' id='word_1_380' title='bbox 1160 1789 1320 1847; x_wconf 80' lang='lat' dir='ltr'>geniose</span> <span class='ocrx_word' id='word_1_381' title='bbox 1349 1790 1596 1832; x_wconf 77' lang='lat' dir='ltr'>somniarunt</span> <span class='ocrx_word' id='word_1_382' title='bbox 1625 1790 1703 1831; x_wconf 85' lang='lat' dir='ltr'>viri</span> <span class='ocrx_word' id='word_1_383' title='bbox 1726 1790 1894 1839; x_wconf 83' lang='lat' dir='ltr'>eruditi,</span> <span class='ocrx_word' id='word_1_384' title='bbox 1914 1805 1979 1832; x_wconf 86' lang='lat' dir='ltr'>re·</span> 
     </span>
     <span class='ocr_line' id='line_1_66' title="bbox 1162 1846 1978 1897; baseline 0 -7"><span class='ocrx_word' id='word_1_385' title='bbox 1162 1849 1265 1891; x_wconf 69' lang='lat' dir='ltr'>ferre</span> <span class='ocrx_word' id='word_1_386' title='bbox 1296 1848 1434 1889; x_wconf 85' lang='lat' dir='ltr'>omnia</span> <span class='ocrx_word' id='word_1_387' title='bbox 1463 1862 1535 1890; x_wconf 89' lang='lat' dir='ltr'>nec</span> <span class='ocrx_word' id='word_1_388' title='bbox 1568 1846 1742 1889; x_wconf 80' lang='lat' dir='ltr'>instituti</span> <span class='ocrx_word' id='word_1_389' title='bbox 1770 1847 1907 1897; x_wconf 87' lang='lat' dir='ltr'>nostri,</span> <span class='ocrx_word' id='word_1_390' title='bbox 1937 1857 1978 1890; x_wconf 90' lang='lat' dir='ltr'>et</span> 
     </span>
     <span class='ocr_line' id='line_1_67' title="bbox 1163 1904 1979 1962; baseline -0.001 -14"><span class='ocrx_word' id='word_1_391' title='bbox 1163 1915 1280 1948; x_wconf 89' lang='lat' dir='ltr'>tanto</span> <span class='ocrx_word' id='word_1_392' title='bbox 1299 1906 1438 1947; x_wconf 81' lang='lat' dir='ltr'>minus</span> <span class='ocrx_word' id='word_1_393' title='bbox 1453 1921 1557 1962; x_wconf 89' lang='lat' dir='ltr'>opus</span> <span class='ocrx_word' id='word_1_394' title='bbox 1578 1904 1646 1955; x_wconf 87' lang='lat' dir='ltr'>est,</span> <span class='ocrx_word' id='word_1_395' title='bbox 1663 1919 1757 1946; x_wconf 91' lang='lat' dir='ltr'>cum</span> <span class='ocrx_word' id='word_1_396' title='bbox 1776 1905 1851 1947; x_wconf 84' lang='lat' dir='ltr'>exs</span> <span class='ocrx_word' id='word_1_397' title='bbox 1872 1904 1979 1947; x_wconf 63' lang='lat' dir='ltr'>efte-</span> 
     </span>
     <span class='ocr_line' id='line_1_68' title="bbox 1163 1962 1978 2020; baseline -0.001 -14"><span class='ocrx_word' id='word_1_398' title='bbox 1163 1978 1256 2006; x_wconf 82' lang='lat' dir='ltr'>mus</span> <span class='ocrx_word' id='word_1_399' title='bbox 1286 1963 1420 2005; x_wconf 84' lang='lat' dir='ltr'>adhuc</span> <span class='ocrx_word' id='word_1_400' title='bbox 1444 1962 1708 2020; x_wconf 84' lang='lat' dir='ltr'>pleniffimam</span> <span class='ocrx_word' id='word_1_401' title='bbox 1737 1962 1844 2004; x_wconf 81' lang='lat' dir='ltr'>Cata</span> <span class='ocrx_word' id='word_1_402' title='bbox 1861 1962 1978 2006; x_wconf 62' lang='lat' dir='ltr'>eaon</span> 
     </span>
     <span class='ocr_line' id='line_1_69' title="bbox 1163 2019 1978 2078; baseline -0.002 -14"><span class='ocrx_word' id='word_1_403' title='bbox 1163 2031 1344 2064; x_wconf 83' lang='lat' dir='ltr'>veterum</span> <span class='ocrx_word' id='word_1_404' title='bbox 1373 2031 1583 2078; x_wconf 79' lang='lat' dir='ltr'>poetarum</span> <span class='ocrx_word' id='word_1_405' title='bbox 1613 2019 1848 2070; x_wconf 81' lang='lat' dir='ltr'>editionem,</span> <span class='ocrx_word' id='word_1_406' title='bbox 1874 2035 1978 2077; x_wconf 82' lang='lat' dir='ltr'>quo-</span> 
     </span>
     <span class='ocr_line' id='line_1_70' title="bbox 1162 2077 1978 2134; baseline 0.001 -14"><span class='ocrx_word' id='word_1_407' title='bbox 1162 2093 1255 2121; x_wconf 83' lang='lat' dir='ltr'>rum</span> <span class='ocrx_word' id='word_1_408' title='bbox 1276 2079 1362 2121; x_wconf 85' lang='lat' dir='ltr'>haec</span> <span class='ocrx_word' id='word_1_409' title='bbox 1382 2093 1462 2121; x_wconf 89' lang='lat' dir='ltr'>non</span> <span class='ocrx_word' id='word_1_410' title='bbox 1483 2077 1773 2119; x_wconf 81' lang='lat' dir='ltr'>contemnenda</span> <span class='ocrx_word' id='word_1_411' title='bbox 1793 2092 1886 2134; x_wconf 86' lang='lat' dir='ltr'>pars</span> <span class='ocrx_word' id='word_1_412' title='bbox 1906 2078 1978 2121; x_wconf 82' lang='lat' dir='ltr'>est.</span> 
     </span>
     <span class='ocr_line' id='line_1_71' title="bbox 1164 2135 1980 2193; baseline -0.004 -13"><span class='ocrx_word' id='word_1_413' title='bbox 1164 2138 1351 2193; x_wconf 87' lang='lat' dir='ltr'>Egerunt</span> <span class='ocrx_word' id='word_1_414' title='bbox 1380 2137 1430 2178; x_wconf 86' lang='lat' dir='ltr'>de</span> <span class='ocrx_word' id='word_1_415' title='bbox 1467 2135 1538 2178; x_wconf 88' lang='lat' dir='ltr'>illo</span> <span class='ocrx_word' id='word_1_416' title='bbox 1571 2136 1642 2190; x_wconf 88' lang='lat' dir='ltr'>Jo.</span> <span class='ocrx_word' id='word_1_417' title='bbox 1674 2135 1752 2178; x_wconf 89' lang='lat' dir='ltr'>Ba.</span> <span class='ocrx_word' id='word_1_418' title='bbox 1775 2136 1875 2178; x_wconf 89' lang='lat' dir='ltr'>Pius</span> <span class='ocrx_word' id='word_1_419' title='bbox 1905 2136 1980 2177; x_wconf 90' lang='lat' dir='ltr'>ad-</span> 
     </span>
     <span class='ocr_line' id='line_1_72' title="bbox 1163 2193 1978 2251; baseline -0.002 -14"><span class='ocrx_word' id='word_1_420' title='bbox 1163 2204 1270 2237; x_wconf 86' lang='lat' dir='ltr'>nott.</span> <span class='ocrx_word' id='word_1_421' title='bbox 1309 2193 1454 2251; x_wconf 85' lang='lat' dir='ltr'>poster.</span> <span class='ocrx_word' id='word_1_422' title='bbox 1490 2208 1529 2236; x_wconf 86' lang='lat' dir='ltr'>c.</span> <span class='ocrx_word' id='word_1_423' title='bbox 1557 2208 1632 2245; x_wconf 83' lang='lat'>43.</span> <span class='ocrx_word' id='word_1_424' title='bbox 1678 2193 1871 2236; x_wconf 89' lang='lat' dir='ltr'>Turneb.</span> <span class='ocrx_word' id='word_1_425' title='bbox 1904 2209 1978 2246; x_wconf 83' lang='lat'>27,</span> 
     </span>
     <span class='ocr_line' id='line_1_73' title="bbox 1166 2250 1976 2308; baseline 0.001 -14"><span class='ocrx_word' id='word_1_426' title='bbox 1166 2251 1421 2307; x_wconf 82' lang='lat' dir='ltr'>29.-Scalig.</span> <span class='ocrx_word' id='word_1_427' title='bbox 1455 2251 1507 2293; x_wconf 90' lang='lat' dir='ltr'>ad</span> <span class='ocrx_word' id='word_1_428' title='bbox 1540 2250 1680 2293; x_wconf 89' lang='lat' dir='ltr'>Catal.</span> <span class='ocrx_word' id='word_1_429' title='bbox 1716 2266 1760 2306; x_wconf 90' lang='lat' dir='ltr'>p.</span> <span class='ocrx_word' id='word_1_430' title='bbox 1793 2265 1871 2294; x_wconf 85' lang='lat'>221</span> <span class='ocrx_word' id='word_1_431' title='bbox 1913 2251 1976 2308; x_wconf 84' lang='lat' dir='ltr'>sq.</span> 
     </span>
     <span class='ocr_line' id='line_1_74' title="bbox 1165 2308 1984 2366; baseline 0 -15"><span class='ocrx_word' id='word_1_432' title='bbox 1165 2309 1289 2352; x_wconf 86' lang='lat' dir='ltr'>Salm.</span> <span class='ocrx_word' id='word_1_433' title='bbox 1307 2310 1358 2352; x_wconf 92' lang='lat' dir='ltr'>ad</span> <span class='ocrx_word' id='word_1_434' title='bbox 1378 2309 1506 2352; x_wconf 89' lang='lat' dir='ltr'>Solin.</span> <span class='ocrx_word' id='word_1_435' title='bbox 1521 2325 1564 2366; x_wconf 89' lang='lat' dir='ltr'>p.</span> <span class='ocrx_word' id='word_1_436' title='bbox 1579 2312 1666 2360; x_wconf 87' lang='lat'>814</span> <span class='ocrx_word' id='word_1_437' title='bbox 1678 2325 1690 2349; x_wconf 68' lang='grc' dir='ltr'>ι</span> <span class='ocrx_word' id='word_1_438' title='bbox 1713 2308 1871 2351; x_wconf 88' lang='lat' dir='ltr'>laudati</span> <span class='ocrx_word' id='word_1_439' title='bbox 1887 2323 1984 2351; x_wconf 89' lang='lat' dir='ltr'>om-</span> 
     </span>
     <span class='ocr_line' id='line_1_75' title="bbox 1164 2368 1980 2424; baseline 0 -14"><span class='ocrx_word' id='word_1_440' title='bbox 1164 2383 1234 2410; x_wconf 89' lang='lat' dir='ltr'>nes</span> <span class='ocrx_word' id='word_1_441' title='bbox 1254 2368 1506 2410; x_wconf 82' lang='lat' dir='ltr'>Burmanno.</span> <span class='ocrx_word' id='word_1_442' title='bbox 1543 2368 1780 2424; x_wconf 84' lang='lat' dir='ltr'>Separemus</span> <span class='ocrx_word' id='word_1_443' title='bbox 1799 2380 1863 2417; x_wconf 88' lang='lat' dir='ltr'>ea,</span> <span class='ocrx_word' id='word_1_444' title='bbox 1884 2381 1980 2424; x_wconf 78' lang='lat' dir='ltr'>quae</span> 
     </span>
     <span class='ocr_line' id='line_1_76' title="bbox 1165 2425 1982 2480; baseline -0.002 -12"><span class='ocrx_word' id='word_1_445' title='bbox 1165 2436 1274 2469; x_wconf 86' lang='lat' dir='ltr'>certa</span> <span class='ocrx_word' id='word_1_446' title='bbox 1305 2425 1411 2475; x_wconf 89' lang='lat' dir='ltr'>sunt,</span> <span class='ocrx_word' id='word_1_447' title='bbox 1436 2435 1486 2467; x_wconf 87' lang='lat' dir='ltr'>ut</span> <span class='ocrx_word' id='word_1_448' title='bbox 1516 2425 1556 2466; x_wconf 87' lang='lat' dir='ltr'>in</span> <span class='ocrx_word' id='word_1_449' title='bbox 1586 2425 1662 2466; x_wconf 88' lang='lat' dir='ltr'>hoc</span> <span class='ocrx_word' id='word_1_450' title='bbox 1683 2438 1827 2480; x_wconf 82' lang='lat' dir='ltr'>genere</span> <span class='ocrx_word' id='word_1_451' title='bbox 1855 2425 1982 2467; x_wconf 87' lang='lat' dir='ltr'>nimi-</span> 
     </span>
     <span class='ocr_line' id='line_1_77' title="bbox 1165 2482 1975 2538; baseline -0.002 -12"><span class='ocrx_word' id='word_1_452' title='bbox 1165 2498 1276 2532; x_wconf 87' lang='lat' dir='ltr'>rum,</span> <span class='ocrx_word' id='word_1_453' title='bbox 1293 2483 1348 2524; x_wconf 87' lang='lat' dir='ltr'>ab</span> <span class='ocrx_word' id='word_1_454' title='bbox 1370 2482 1468 2531; x_wconf 87' lang='lat' dir='ltr'>illis,</span> <span class='ocrx_word' id='word_1_455' title='bbox 1481 2497 1575 2538; x_wconf 82' lang='lat' dir='ltr'>quae</span> <span class='ocrx_word' id='word_1_456' title='bbox 1594 2495 1705 2524; x_wconf 88' lang='lat' dir='ltr'>mera</span> <span class='ocrx_word' id='word_1_457' title='bbox 1720 2491 1883 2524; x_wconf 86' lang='lat' dir='ltr'>tantum</span> <span class='ocrx_word' id='word_1_458' title='bbox 1904 2483 1975 2525; x_wconf 82' lang='lat' dir='ltr'>ha-</span> 
     </span>
     <span class='ocr_line' id='line_1_78' title="bbox 1165 2539 1981 2584; baseline 0.001 -2"><span class='ocrx_word' id='word_1_459' title='bbox 1165 2541 1379 2584; x_wconf 84' lang='lat' dir='ltr'>riolatione</span> <span class='ocrx_word' id='word_1_460' title='bbox 1411 2539 1605 2582; x_wconf 81' lang='lat' dir='ltr'>constant.</span> <span class='ocrx_word' id='word_1_461' title='bbox 1668 2540 1719 2580; x_wconf 90' lang='lat' dir='ltr'>In</span> <span class='ocrx_word' id='word_1_462' title='bbox 1759 2540 1981 2583; x_wconf 87' lang='lat' dir='ltr'>Cimbrum</span> 
     </span>
     <span class='ocr_line' id='line_1_79' title="bbox 1167 2595 1982 2654; baseline 0 -13"><span class='ocrx_word' id='word_1_463' title='bbox 1167 2599 1238 2641; x_wconf 88' lang='lat' dir='ltr'>ista</span> <span class='ocrx_word' id='word_1_464' title='bbox 1258 2597 1382 2641; x_wconf 75' lang='lat' dir='ltr'>lufiss‘e</span> <span class='ocrx_word' id='word_1_465' title='bbox 1410 2596 1651 2654; x_wconf 81' lang='lat' dir='ltr'>Virgilium,</span> <span class='ocrx_word' id='word_1_466' title='bbox 1673 2595 1813 2639; x_wconf 84' lang='lat' dir='ltr'>fratris</span> <span class='ocrx_word' id='word_1_467' title='bbox 1835 2598 1911 2648; x_wconf 88' lang='lat' dir='ltr'>sui,</span> <span class='ocrx_word' id='word_1_468' title='bbox 1931 2607 1982 2641; x_wconf 89' lang='lat' dir='ltr'>ut</span> 
     </span>
     <span class='ocr_line' id='line_1_80' title="bbox 1165 2653 1983 2713; baseline 0 -15"><span class='ocrx_word' id='word_1_469' title='bbox 1165 2655 1278 2699; x_wconf 88' lang='lat' dir='ltr'>fama</span> <span class='ocrx_word' id='word_1_470' title='bbox 1294 2653 1466 2706; x_wconf 87' lang='lat' dir='ltr'>ferebat,</span> <span class='ocrx_word' id='word_1_471' title='bbox 1479 2653 1791 2705; x_wconf 68' lang='lat' dir='ltr'>interfeftorem,</span> <span class='ocrx_word' id='word_1_472' title='bbox 1807 2656 1889 2713; x_wconf 89' lang='lat' dir='ltr'>ipse</span> <span class='ocrx_word' id='word_1_473' title='bbox 1907 2656 1983 2698; x_wconf 85' lang='lat' dir='ltr'>do-</span> 
     </span>
     <span class='ocr_line' id='line_1_81' title="bbox 1165 2711 1982 2768; baseline 0 -12"><span class='ocrx_word' id='word_1_474' title='bbox 1165 2725 1231 2756; x_wconf 88' lang='lat' dir='ltr'>cet</span> <span class='ocrx_word' id='word_1_475' title='bbox 1254 2713 1428 2756; x_wconf 84' lang='lat' dir='ltr'>Fabius.</span> <span class='ocrx_word' id='word_1_476' title='bbox 1458 2714 1586 2756; x_wconf 87' lang='lat' dir='ltr'>Porro</span> <span class='ocrx_word' id='word_1_477' title='bbox 1607 2711 1817 2768; x_wconf 81' lang='lat' dir='ltr'>persuadet</span> <span class='ocrx_word' id='word_1_478' title='bbox 1852 2713 1982 2756; x_wconf 86' lang='lat' dir='ltr'>Scali-</span> 
     </span>
     <span class='ocr_line' id='line_1_82' title="bbox 1167 2770 1981 2828; baseline 0 -14"><span class='ocrx_word' id='word_1_479' title='bbox 1167 2786 1256 2828; x_wconf 89' lang='lat' dir='ltr'>ger,</span> <span class='ocrx_word' id='word_1_480' title='bbox 1294 2771 1397 2813; x_wconf 85' lang='lat' dir='ltr'>illud</span> <span class='ocrx_word' id='word_1_481' title='bbox 1444 2770 1697 2828; x_wconf 84' lang='lat' dir='ltr'>epigramma</span> <span class='ocrx_word' id='word_1_482' title='bbox 1743 2770 1887 2827; x_wconf 83' lang='lat' dir='ltr'>respici</span> <span class='ocrx_word' id='word_1_483' title='bbox 1925 2772 1981 2813; x_wconf 89' lang='lat' dir='ltr'>ab</span> 
     </span>
     <span class='ocr_line' id='line_1_83' title="bbox 1167 2828 1979 2884; baseline 0 -13"><span class='ocrx_word' id='word_1_484' title='bbox 1167 2829 1358 2871; x_wconf 86' lang='lat' dir='ltr'>Ausonio</span> <span class='ocrx_word' id='word_1_485' title='bbox 1413 2828 1458 2871; x_wconf 91' lang='lat' dir='ltr'>in</span> <span class='ocrx_word' id='word_1_486' title='bbox 1510 2828 1852 2884; x_wconf 69' lang='lat' dir='ltr'>Technopaegnio</span> <span class='ocrx_word' id='word_1_487' title='bbox 1908 2831 1979 2874; x_wconf 90' lang='lat' dir='ltr'>tit.</span> 
     </span>
     <span class='ocr_line' id='line_1_84' title="bbox 1171 2885 1931 2940; baseline 0 -11"><span class='ocrx_word' id='word_1_488' title='bbox 1171 2885 1603 2929; x_wconf 81' lang='lat' dir='ltr'>Grammaticomastix</span> <span class='ocrx_word' id='word_1_489' title='bbox 1623 2900 1664 2938; x_wconf 87' lang='lat' dir='ltr'>p.</span> <span class='ocrx_word' id='word_1_490' title='bbox 1686 2899 1788 2940; x_wconf 84' lang='lat'><strong>495.</strong></span> <span class='ocrx_word' id='word_1_491' title='bbox 1811 2886 1931 2929; x_wconf 82' lang='lat' dir='ltr'><strong>Toll.</strong></span> 
     </span>
     <span class='ocr_line' id='line_1_85' title="bbox 1227 2942 1983 3001; baseline 0.001 -14"><span class='ocrx_word' id='word_1_492' title='bbox 1227 2943 1332 2994; x_wconf 81' lang='lat' dir='ltr'>Dic,</span> <span class='ocrx_word' id='word_1_493' title='bbox 1369 2942 1468 3001; x_wconf 84' lang='lat' dir='ltr'>quid</span> <span class='ocrx_word' id='word_1_494' title='bbox 1497 2942 1720 2999; x_wconf 56' lang='lat' dir='ltr'>significent</span> <span class='ocrx_word' id='word_1_495' title='bbox 1767 2944 1983 2988; x_wconf 68' lang='lat' dir='ltr'>Cataleela</span> 
     </span>
     <span class='ocr_line' id='line_1_86' title="bbox 1286 2998 1749 3044; baseline -0.004 0"><span class='ocrx_word' id='word_1_496' title='bbox 1286 2999 1512 3044; x_wconf 78' lang='lat' dir='ltr'>Maronis?</span> <span class='ocrx_word' id='word_1_497' title='bbox 1540 2999 1584 3043; x_wconf 85' lang='lat' dir='ltr'>in</span> <span class='ocrx_word' id='word_1_498' title='bbox 1603 2998 1665 3042; x_wconf 82' lang='lat' dir='ltr'>his</span> <span class='ocrx_word' id='word_1_499' title='bbox 1686 3013 1749 3042; x_wconf 75' lang='grc' dir='ltr'>Αι.</span> 
     </span>
     <span class='ocr_line' id='line_1_87' title="bbox 1230 3056 1982 3116; baseline -0.003 -12"><span class='ocrx_word' id='word_1_500' title='bbox 1230 3058 1436 3104; x_wconf 83' lang='lat' dir='ltr'>Celtarum</span> <span class='ocrx_word' id='word_1_501' title='bbox 1450 3057 1593 3116; x_wconf 74' lang='lat' dir='ltr'>peficit,</span> <span class='ocrx_word' id='word_1_502' title='bbox 1610 3056 1798 3115; x_wconf 76' lang='lat' dir='ltr'>stquitur</span> <span class='ocrx_word' id='word_1_503' title='bbox 1825 3073 1902 3101; x_wconf 88' lang='lat' dir='ltr'>non</span> <span class='ocrx_word' id='word_1_504' title='bbox 1917 3060 1982 3102; x_wconf 82' lang='lat' dir='ltr'>Iu-</span> 
     </span>
     <span class='ocr_line' id='line_1_88' title="bbox 1284 3116 1565 3165; baseline -0.004 -6"><span class='ocrx_word' id='word_1_505' title='bbox 1284 3116 1409 3159; x_wconf 83' lang='lat' dir='ltr'>cidius</span> <span class='ocrx_word' id='word_1_506' title='bbox 1439 3129 1565 3165; x_wconf 78' lang='grc' dir='ltr'>τΑυ,</span> 
     </span>
     <span class='ocr_line' id='line_1_89' title="bbox 1229 3172 1986 3232; baseline -0.003 -13"><span class='ocrx_word' id='word_1_507' title='bbox 1229 3175 1284 3219; x_wconf 82' lang='lat' dir='ltr'>Et</span> <span class='ocrx_word' id='word_1_508' title='bbox 1317 3175 1422 3232; x_wconf 86' lang='lat' dir='ltr'><em>quod</em></span> <span class='ocrx_word' id='word_1_509' title='bbox 1449 3176 1652 3216; x_wconf 82' lang='lat' dir='ltr'>Germano</span> <span class='ocrx_word' id='word_1_510' title='bbox 1689 3172 1842 3230; x_wconf 84' lang='lat' dir='ltr'>mistum</span> <span class='ocrx_word' id='word_1_511' title='bbox 1875 3174 1986 3218; x_wconf 81' lang='lat' dir='ltr'>mate</span> 
     </span>
     <span class='ocr_line' id='line_1_90' title="bbox 1286 3232 1765 3287; baseline -0.004 -13"><span class='ocrx_word' id='word_1_512' title='bbox 1286 3232 1488 3287; x_wconf 51' lang='lat' dir='ltr'>letiferum</span> <span class='ocrx_word' id='word_1_513' title='bbox 1523 3243 1635 3275; x_wconf 76' lang='grc' dir='ltr'><strong>ΜιΝ.</strong></span> <span class='ocrx_word' id='word_1_514' title='bbox 1762 3266 1765 3268; x_wconf 12' lang='lat' dir='ltr'>e</span> 
     </span>
     <span class='ocr_line' id='line_1_91' title="bbox 1173 3288 1985 3346; baseline 0 -13"><span class='ocrx_word' id='word_1_515' title='bbox 1173 3291 1284 3334; x_wconf 87' lang='lat' dir='ltr'>Hinc</span> <span class='ocrx_word' id='word_1_516' title='bbox 1297 3289 1349 3332; x_wconf 86' lang='lat' dir='ltr'>de</span> <span class='ocrx_word' id='word_1_517' title='bbox 1361 3289 1555 3332; x_wconf 85' lang='lat' dir='ltr'>sententia</span> <span class='ocrx_word' id='word_1_518' title='bbox 1564 3288 1872 3346; x_wconf 84' lang='lat' dir='ltr'>epigrammatis</span> <span class='ocrx_word' id='word_1_519' title='bbox 1882 3291 1985 3333; x_wconf 86' lang='lat' dir='ltr'>Vir-</span> 
     </span>
     <span class='ocr_line' id='line_1_92' title="bbox 1173 3344 1986 3406; baseline -0.009 -16"><span class='ocrx_word' id='word_1_520' title='bbox 1173 3347 1317 3406; x_wconf 86' lang='lat' dir='ltr'>giliani</span> <span class='ocrx_word' id='word_1_521' title='bbox 1345 3345 1675 3403; x_wconf 79' lang='lat' dir='ltr'>colligere&#39;licet,</span> <span class='ocrx_word' id='word_1_522' title='bbox 1697 3344 1860 3388; x_wconf 75' lang='lat' dir='ltr'>voluiss&#39;e</span> <span class='ocrx_word' id='word_1_523' title='bbox 1888 3363 1986 3404; x_wconf 87' lang='lat' dir='ltr'>poe-</span> 
     </span>
     <span class='ocr_line' id='line_1_93' title="bbox 1172 3403 1986 3461; baseline -0.001 -13"><span class='ocrx_word' id='word_1_524' title='bbox 1172 3416 1259 3448; x_wconf 83' lang='lat' dir='ltr'>tam</span> <span class='ocrx_word' id='word_1_525' title='bbox 1277 3405 1419 3447; x_wconf 85' lang='lat' dir='ltr'>eadem</span> <span class='ocrx_word' id='word_1_526' title='bbox 1444 3417 1567 3461; x_wconf 86' lang='lat' dir='ltr'>opera</span> <span class='ocrx_word' id='word_1_527' title='bbox 1584 3413 1625 3446; x_wconf 87' lang='lat' dir='ltr'>et</span> <span class='ocrx_word' id='word_1_528' title='bbox 1641 3403 1858 3446; x_wconf 87' lang='lat' dir='ltr'>verborum</span> <span class='ocrx_word' id='word_1_529' title='bbox 1879 3405 1986 3447; x_wconf 89' lang='lat' dir='ltr'>inso-</span> 
     </span>
     <span class='ocr_line' id='line_1_94' title="bbox 1174 3460 1987 3506; baseline -0.007 0"><span class='ocrx_word' id='word_1_530' title='bbox 1174 3463 1339 3506; x_wconf 84' lang='lat' dir='ltr'>lentiam</span> <span class='ocrx_word' id='word_1_531' title='bbox 1367 3463 1540 3506; x_wconf 89' lang='lat' dir='ltr'>Cimbro</span> <span class='ocrx_word' id='word_1_532' title='bbox 1558 3471 1598 3504; x_wconf 92' lang='lat' dir='ltr'>et</span> <span class='ocrx_word' id='word_1_533' title='bbox 1616 3460 1888 3506; x_wconf 85' lang='lat' dir='ltr'>fratricidium</span> <span class='ocrx_word' id='word_1_534' title='bbox 1909 3464 1987 3505; x_wconf 88' lang='lat' dir='ltr'>ob-</span> 
     </span>
     <span class='ocr_line' id='line_1_95' title="bbox 1169 3517 1987 3576; baseline -0.001 -12"><span class='ocrx_word' id='word_1_535' title='bbox 1169 3523 1308 3575; x_wconf 79' lang='lat' dir='ltr'>jicere,</span> <span class='ocrx_word' id='word_1_536' title='bbox 1319 3520 1526 3576; x_wconf 82' lang='lat' dir='ltr'>fingendo,</span> <span class='ocrx_word' id='word_1_537' title='bbox 1541 3519 1677 3561; x_wconf 86' lang='lat' dir='ltr'>verbis</span> <span class='ocrx_word' id='word_1_538' title='bbox 1689 3517 1769 3560; x_wconf 82' lang='lat' dir='ltr'>illis</span> <span class='ocrx_word' id='word_1_539' title='bbox 1790 3528 1987 3575; x_wconf 87' lang='lat' dir='ltr'>tanquam</span> 
     </span>
     <span class='ocr_line' id='line_1_96' title="bbox 1178 3575 1988 3636; baseline 0 -15"><span class='ocrx_word' id='word_1_540' title='bbox 1178 3590 1239 3622; x_wconf 81' lang='lat' dir='ltr'>tot</span> <span class='ocrx_word' id='word_1_541' title='bbox 1257 3578 1399 3620; x_wconf 84' lang='lat' dir='ltr'>veneni</span> <span class='ocrx_word' id='word_1_542' title='bbox 1418 3577 1623 3636; x_wconf 76' lang='lat' dir='ltr'>speciebus</span> <span class='ocrx_word' id='word_1_543' title='bbox 1657 3575 1912 3631; x_wconf 61' lang='lat' dir='ltr'>interfeffiium</span> <span class='ocrx_word' id='word_1_544' title='bbox 1934 3579 1988 3621; x_wconf 62' lang='lat' dir='ltr'>ab</span> 
     </span>
    </p>
   </div>
   <div class='ocr_carea' id='block_1_22' title="bbox 1274 3651 1355 3705">
    <p class='ocr_par' dir='ltr' id='par_1_24' title="bbox 1274 3651 1355 3705">
     <span class='ocr_line' id='line_1_97' title="bbox 1274 3651 1355 3705; baseline 0 0"><span class='ocrx_word' id='word_1_545' title='bbox 1274 3651 1355 3705; x_wconf 80' lang='lat'>03</span> 
     </span>
    </p>
   </div>
  </div>
 </body>
</html>
