2320 4030
378 308 490 370 338.

763 301 842 354 M.
875 301 1084 353 FABII
1119 300 1702 352 QUINCTILIANI

382 435 570 511 utique
594 435 804 511 quoties
827 439 1057 510 aliquam
1086 438 1484 491 consonantium
1502 446 1526 469 ²
1552 437 1767 508 frangit,
1792 445 1892 490 uta
1915 438 1968 490 in
1995 438 2108 492 hoc¹

386 508 721 584 iplbfrangit
736 523 775 576 ³,
803 509 974 563 multo
998 510 1057 561 fit
1081 509 1368 567 horridior,
1434 507 1652 560 AEolicae
1675 509 2099 580 quoqueliterae,

391 600 500 654 qua
518 583 726 652 firvum
753 600 1040 652 cervumque
1063 579 1312 643 dicimuS‚
1338 578 1532 631 etiamfi
1570 577 1738 631 forma
1772 598 1803 633 a
1839 580 1994 632 nobis
2018 599 2102 632 re-

390 651 610 735 pudiata
644 652 735 716 est,
767 652 888 703 visb
930 663 1107 704 tamen
1147 668 1244 702 nos
1283 649 1388 719 ipsa
1423 648 1767 721 persequitur.
1839 651 2014 703 Duras
2050 661 2104 702 et
2125 667 2196 720 30

391 723 484 776 1lla
507 722 728 795 syllabas
753 721 897 786 facit,
921 740 1041 792 quae
1066 720 1131 773 ad
1169 718 1566 791 conjungendas
1598 721 1816 772 demum
1851 721 2106 792 subjeeias

395 793 491 847 fibi
538 793 744 846 vocales
790 792 861 844 est
907 791 1074 855 utilis,
1120 790 1249 843 alias
1296 791 1630 861 supervacua,
1679 802 1739 843 ut
1756 802 1775 823 ‘³
1826 811 1964 863 equos
2000 792 2109 847 xacd

397 883 573 936 equum
594 862 886 927 scribimus,
911 881 1033 915 cum
1060 862 1181 932 ipsae
1206 861 1368 914 etiam
1393 861 1479 913 hae
1503 860 1710 914 vocales
1734 861 1854 915 duae
1879 861 2112 914 efficiant

389 935 605 998 sonum,
633 933 804 1004 qualis
838 932 978 1004 apud
1010 934 1228 984 Graecos
1260 931 1442 983 nullus
1477 933 1564 996 est,
1592 932 1819 1002 ideoque
1855 932 2007 985 scribi
2043 932 2109 985 il-

397 1006 574 1059 lorum
599 1003 765 1056 literis
791 1022 898 1055 non
934 1004 1117 1074 potest.
1191 1002 1374 1055 Quid?
1416 1004 1561 1073 quod
1594 1003 1855 1074 pleraque·
1878 1022 1976 1055 nos
2000 1002 2110 1068 illa,
2133 1021 2202 1075 31

396 1075 543 1148 quafi
570 1075 870 1146 mugiente,
894 1074 1045 1127 litera
1068 1072 1333 1127 cludimus
1353 1083 1372 1105 ⁶
1404 1075 1479 1125 M
1491 1073 1527 1138 s,
1556 1092 1662 1145 qua
1682 1073 1888 1126 nullum
1926 1074 2116 1126 Graece

402 1148 624 1200 verbum
660 1145 801 1198 cadit
824 1147 842 1198 ?
897 1145 974 1196 At
996 1144 1076 1197 illi
1114 1144 1187 1209 N,
1202 1142 1517 1216 jucundam,
1542 1157 1596 1196 et
1621 1145 1674 1195 in
1701 1144 1803 1196 fine
1833 1144 2115 1215 praecipue,

402 1218 551 1290 quasi
572 1216 888 1269 tinnientem
909 1227 930 1258 g
954 1215 1096 1268 illius
1119 1215 1241 1267 loco
1265 1226 1490 1285 ponunt,
1510 1235 1631 1286 quae
1656 1216 1727 1267 est
1747 1215 1886 1285 apud
1911 1234 2008 1268 nos
2031 1234 2116 1267 ra-

406 1289 600 1343 riffima
625 1287 679 1340 in
698 1287 719 1319 ¹¹
743 1283 1010 1339 clausuliS.
1082 1285 1268 1340 Quid?
1310 1285 1454 1356 quod
1474 1285 1488 1317 i
1511 1285 1724 1357 syllabae
1750 1286 1933 1338 nostrae
1958 1286 2043 1338 inl
2069 1287 2120 1338 B
2139 1300 2210 1355 32

398 1360 638 1425 literam,
655 1367 708 1411 et
733 1357 790 1410 D
814 1357 1114 1418 innituntur
1129 1367 1160 1389 ¹¹¹
1186 1356 1319 1408 adeo
1339 1357 1531 1427 aspere,
1551 1367 1608 1408 ut
1632 1356 1871 1427 plerique
1895 1375 2002 1409 non
2021 1376 2119 1410 an-

407 1429 816 1502 tiquiflimorum
837 1438 857 1461 ‘¹
877 1427 1114 1499 quidem,
1131 1426 1218 1480 sed
1237 1438 1412 1479 tamen
1439 1438 1696 1492 veterum,
1717 1426 1924 1479 mollire
1947 1438 2120 1481 tenta-

403 1501 601 1568 verint,
626 1518 732 1553 non
756 1499 924 1553 solum
963 1500 1141 1570 aversa
1163 1506 1184 1527 ⁹
1220 1516 1314 1569 pro
1352 1498 1565 1568 abversis
1589 1497 1834 1564 dicende,
1858 1497 1945 1550 sed
1981 1509 2038 1552 et
2068 1499 2122 1552 in

466 1675 487 1696 ²
519 1669 805 1709 consonantem
823 1667 929 1707 Jens.

408 1724 658 1773 xit—frangit
676 1737 744 1761 om.
764 1722 816 1759 al.
927 1721 944 1745 b
975 1721 1045 1760 vix
1062 1723 1167 1761 Jens.

409 1779 552 1818 dimus
569 1777 675 1815 Jens.
694 1775 880 1814 elidimus
899 1774 1014 1813 Bafil.

410 1839 502 1873 rtem
523 1832 574 1869 G.
588 1830 695 1869 Jens.

413 1893 559 1924 tuntur
577 1884 630 1923 G.
648 1898 673 1921 a
690 1881 863 1922 dic‘laitte.

1012 1890 1032 1911 n
1059 1884 1318 1933 antiquorum
1336 1883 1442 1921 Jens.

1092 1673 1108 1692 ²
1143 1667 1209 1707 Sic
1232 1667 1406 1745 GzJens.
1426 1667 1472 1705 it.
1495 1668 1631 1719 Vnst-os.
1656 1669 1824 1720 1542‚f.
1845 1677 1881 1706 et
1898 1682 2018 1720 marg.
2037 1668 2127 1721 Bas.

1124 1773 1141 1799 f
1167 1775 1210 1813 in
1227 1776 1250 1813 J
1253 1737 1343 1814 ens?
1345 1736 1393 1812 τί
1406 1722 1669 1826 (Ejastcunda
1688 1790 1811 1815 manu.

804 1831 843 1880 ¹¹„
854 1830 897 1868 in
917 1828 1101 1868 clausulis
1119 1843 1188 1868 om.
1209 1828 1260 1867 G.

1577 1725 1593 1745 ‘¹
1631 1733 1745 1772 aeque
1763 1734 1835 1760 cur
1853 1723 1906 1762 G.
2013 1727 2028 1746 θ
2059 1734 2130 1761 cu-

1934 1781 1952 1806 ⁸
1985 1777 2132 1814 timen-

1915 1833 1945 1854 m
1979 1830 2134 1867 immit-

1594 1883 1615 1904 ο
1645 1884 1803 1921 adversa
1821 1895 1891 1933 pro
1909 1883 1998 1921 adv.
2019 1884 2070 1922 G.
2094 1895 2132 1922 2.

1334 1827 1343 1852 ²
1374 1843 1443 1866 om.
1465 1829 1517 1879 G.

1626 1832 1636 1854 ¹
1667 1828 1734 1868 oni.
1755 1830 1807 1868 id.

413 1939 523 1979 fiens.
549 1937 708 1988 apversa
726 1945 761 1975 et
779 1938 817 1975 in
836 1950 954 1988 marg.
975 1936 1121 1976 asversa
1139 1948 1210 1989 pro
1227 1937 1317 1976 abv.
1335 1935 1423 1989 Ast.
1447 1937 1616 1990 1519,f.
1645 1937 1790 1976 asversa
1810 1937 1929 1988 Lugd.
1954 1938 2071 1988 1528,
2091 1939 2132 1976 8.

413 1992 567 2045 vah.
590 1990 709 2031 colia.

486 2159 558 2200 29.
588 2140 880 2200 confimantium
898 2139 1092 2197 frangit]
1127 2139 1242 2199 Qid

421 2201 508 2244 »hoc
526 2201 601 2252 fit,
612 2201 700 2255 jam
719 2199 839 2255 supra
865 2214 906 2249 1,
925 2211 972 2250 4,
996 2215 1014 2240 1
1027 2214 1066 2248 1,
1086 2213 1161 2240 nos
1180 2203 1243 2241 in-

425 2267 670 2318 terpretatos
694 2266 890 2316 putamus
910 2274 920 2298 ε
953 2257 1151 2299 rationem
1170 2272 1244 2299 vo-

426 2317 489 2360 cis
508 2315 709 2372 explicare
728 2314 831 2358 forte
850 2314 1016 2357 difficile
1035 2315 1104 2357 est.
1150 2315 1245 2358 Me-

422 2375 513 2418 lius
531 2374 633 2417 mihi
664 2374 834 2420 videbar
863 2371 1102 2430 intelligere,
1123 2370 1151 2414 fi
1177 2387 1246 2414 co-

428 2434 606 2490 gitarem
641 2433 684 2474 in
704 2431 777 2485 fr,
797 2437 870 2487 pr,
889 2437 946 2480 tr,
975 2439 1016 2473 et
1049 2429 1248 2473 fimilibus

429 2494 542 2536 inter
562 2489 599 2532 se
623 2489 796 2543 junffis,
815 2489 971 2530 vibrari
989 2486 1102 2545 quasi
1121 2483 1250 2545 poste-

429 2550 583 2593 riorem
610 2546 789 2598 literam,
808 2560 853 2587 ea
885 2560 937 2588 ue
964 2545 1250 2597 revtremulum

428 2605 578 2649 ‘sonum
597 2613 724 2661 atque
744 2603 867 2647 stridu
886 2618 973 2654 um,
993 2602 1129 2660 qualis
1154 2603 1208 2646 est
1227 2618 1251 2646 a

434 2662 580 2708 fraffis
617 2663 874 2719 corporibus,
911 2661 994 2703 edi.
1044 2661 1253 2704 Caeterum

436 2721 630 2780 repetitio
665 2720 781 2763 verbi
815 2718 989 2775 frangit
1026 2718 1254 2762 mutilando

435 2779 539 2824 huic
583 2779 674 2821 loco
718 2776 963 2820 occafionem
1000 2776 1130 2828 dedit,
1169 2792 1256 2833 quo

436 2838 552 2881 fastu
570 2836 780 2879 obscurior
799 2834 932 2877 multo
950 2835 1134 2877 redditus
1152 2836 1222 2877 est.

506 2911 577 2951 29.
620 2893 788 2937 AEolicae
818 2892 970 2946 literae]
1013 2891 1257 2949 Digamma,

440 2954 494 3009 ⁴de
514 2968 598 3010 quo
617 2952 736 3009 supra
759 2967 797 3001 1,
813 2965 858 3002 4,
874 2966 895 3002 7
913 2962 954 2992 et
971 2963 1042 3002 ¹4·
1066 2953 1257 3002 Senium,

446 3015 624 3070 Cer-gum
644 3009 765 3054 scribi
787 3005 947 3051 volebat
968 3007 1188 3051 Claudius.

394 3073 399 3076 ’
510 3084 581 3123 31,
610 3066 734 3110 litera
753 3065 945 3108 cludimus
963 3064 1036 3120 M]
1060 3066 1120 3108 Ut
1139 3080 1260 3122 accu-

445 3127 595 3171 sativos
626 3124 845 3181 singulares
874 3133 914 3166 et
937 3122 1117 3180 plurales
1147 3124 1262 3179 geni-

444 3188 573 3234 tivos,
608 3197 716 3240 quos
749 3182 895 3224 Graeci
933 3182 974 3223 in
1015 3182 1055 3223 N
1095 3181 1261 3224 finiunt.

446 3242 589 3287 Simile
609 3240 710 3297 quid
730 3240 771 3283 in
793 3239 1066 3296 Hispanorum
1097 3248 1138 3280 et
1162 3239 1264 3282 Por-

445 3295 702 3359 tugallorum
745 3296 1032 3340 consuetudine
1077 3296 1263 3340 observa-

449 3369 533 3409 tur,
555 3370 650 3401 cum
680 3355 724 3398 hi
746 3355 796 3397 M
827 3354 943 3397 suum
968 3355 1264 3396 terminationi-

449 3418 533 3460 bus
572 3413 827 3472 quorundam
862 3411 1158 3455 vocabulorum
1191 3427 1266 3470 pro

451 3475 493 3518 N
513 3473 676 3518 illorum
696 3469 954 3535 substituant.

1386 2155 1456 2194 μ’.
1477 2141 1638 2199 aversa
1650 2148 1726 2198 pro
1745 2139 1947 2195 abverfis]
1982 2140 2047 2185 Sic
2067 2139 2135 2184 fu-

1324 2199 1402 2242 erit
1420 2199 1649 2256 exemplum
1670 2199 1798 2242 literae
1818 2198 1883 2241 B„
1919 2199 1997 2242 Sed
2022 2198 2047 2241 fi
2067 2214 2135 2243 ex-

1323 2256 1506 2315 em'plum
1533 2261 1596 2302 τῆς
1622 2258 1665 2300 D
1693 2257 1759 2300 hic
1790 2256 1981 2314 postulari
2005 2257 2136 2308 dicas,

1325 2315 1423 2358 cum
1441 2314 1675 2372 proximum
1707 2314 1759 2357 ad
1790 2315 1825 2357 B
1845 2316 2042 2372 pertineat
2074 2316 2140 2371 (in

1327 2373 1473 2430 primis
1505 2387 1601 2414 cum
1629 2372 1818 2428 adversis
1845 2383 1986 2415 omnes
2016 2387 2141 2430 prope

1328 2430 1573 2487 agnoscant)
1591 2430 1707 2488 poffis
1721 2430 1852 2488 legere
1870 2432 2053 2490 arverflt
2068 2446 2143 2488 pro

1329 2487 1528 2543 adversis.
1577 2489 1637 2530 Ut
1672 2489 1781 2531 Cato
1810 2489 1912 2532 RR.
1947 2502 2047 2543 135,
2075 2489 2145 2531 ubi

1330 2549 1552 2589 arvec‘i‘um
1581 2545 1675 2589 erit.
1725 2546 1846 2588 Add.
1877 2562 1918 2589 c.
1953 2550 2051 2600 138,
2070 2561 2145 2589 ar-

1331 2603 1500 2646 vehant
1521 2603 1651 2660 ligna.
1712 2606 1808 2663 Qia
1845 2603 1896 2647 de
1929 2618 1972 2646 re
2001 2603 2145 2647 Velius

1333 2663 1506 2719 Longus
1525 2661 1724 2720 Orthogr.
1743 2678 1787 2716 p.
1804 2677 1900 2715 327,
1922 2661 2054 2704 Ursin.
2079 2664 2143 2719 (p.

1337 2734 1469 2774 2232,
1496 2719 1694 2776 Putsch.)
1724 2721 1769 2763 D
1796 2734 1872 2762 non
1900 2719 2031 2762 minus
2046 2720 2090 2763 in
2110 2721 2144 2763 R

1333 2776 1498 2820 literam
1535 2777 1856 2834 tranfit—apud
1887 2777 2070 2835 antiquos
2105 2778 2148 2822 iu

1338 2835 1499 2877 arvorso
1523 2843 1566 2878 et
1593 2836 1846 2878 arvorsarioz
1882 2836 1994 2890 Unde
2012 2845 2052 2878 et
2074 2844 2149 2893 pro

1339 2891 1544 2935 audiculis
1562 2892 1617 2936 ab
1637 2894 1852 2944 audiendo,
1864 2893 2069 2936 auriculas
2087 2894 2149 2936 di-

1339 2950 1479 3001 cimus,
1504 2958 1544 2994 et
1577 2952 1786 2994 meridiem
1811 2959 1890 3008 pro
1918 2951 2053 2994 medio
2083 2953 2152 2995 die

1338 3006 1549 3065 loquimur.
1611 3009 1723 3066 Agit
1743 3009 1847 3052 ibid.
1867 3009 1918 3051 de
1935 3010 2060 3052 verbo
2077 3025 2151 3053 ar-

1341 3065 1445 3122 aff».
1496 3067 1561 3108 Sic
1592 3068 1632 3108 in
1653 3068 1734 3110 SC.
1757 3066 1808 3108 de
1827 3066 2153 3111 Bacchanalibus

1344 3124 1434 3165 sunt
1494 3125 1635 3167 ARF.
1687 3125 1994 3174 ARFUISSE,
2042 3126 2155 3168 AR-

1344 3181 1612 3233 VORSUM,
1631 3197 1704 3239 pro
1721 3182 1942 3239 affuerunt
1959 3183 2040 3226 &c.
2069 3185 2154 3227 Lo-

1345 3253 1419 3280 cus
1440 3238 1620 3282 classicus
1640 3240 1694 3282 est
1713 3240 1911 3284 Priscian.
1937 3256 1976 3291 1,
1993 3256 2036 3298 p.
2055 3256 2154 3295 559,

1346 3297 1625 3348 Putsch.,ubi
1657 3298 1708 3340 de
1741 3297 1900 3354 arcqffi),
1934 3298 2157 3355 laudatque

1345 3369 1551 3405 armenas,
1603 3363 1864 3406 amatores,
1920 3365 2156 3407 arvocatos,

1347 3411 1513 3470 cir-fines,
1534 3412 1687 3467 affari,
1708 3412 1927 3457 arvolare.
