2320 4030
536 316 812 367 INSTIT.
847 315 1189 365 ORATOR.
1220 313 1367 366 LIB.
1400 315 1541 367 VIII.
1576 318 1798 369 Pnooem.
1992 333 2017 386 7

290 462 318 487 ¹
338 452 614 521 collocata,
643 453 775 526 quid
812 453 1040 525 amplius
1077 452 1420 506 laboremus?
1464 454 1798 509 Quibusdam
1837 464 2018 510 tamen

293 525 473 579 nullus
498 525 616 579 finis
641 524 1004 578 calumniandi
1031 525 1121 590 est,
1149 535 1204 577 et
1229 542 1350 577 cum
1387 525 1603 597 lingulis
1637 544 1772 596 pene
1809 527 2020 600 syllabis

292 596 659 650 commorandi
679 609 700 630 2
723 617 736 650 ε
778 596 893 667 qui,
919 596 1082 648 etiam
1109 614 1232 648 cum
1259 596 1463 667 optima
1488 598 1586 650 fint
1610 610 1837 668 reperta,
1866 618 2017 670 quae‘-

291 678 419 721 runt
442 667 668 740 aliquid,
696 666 841 739 quod
879 667 940 719 fit
977 665 1155 739 magis
1197 668 1500 738 antiquum,
1526 679 1815 735 remotum,
1844 669 2016 741 inopi-

291 750 510 805 natum3
551 757 651 792 nec
675 738 1008 810 intelligunt,
1037 737 1217 808 jacere
1254 738 1427 791 sensus
1463 740 1516 792 in
1544 739 1800 804 oratione,
1830 741 1884 792 in
1913 759 2019 812 qua

197 818 269 877 32
293 810 450 863 verba
485 810 787 864 laudantur.
864 810 947 880 Sit
978 809 1147 882 igitur
1182 827 1308 862 eura
1347 809 1666 863 elocutionis
1702 830 1860 883 quam
1901 829 2017 864 ma-

287 880 453 947 xima,
481 882 611 935 dum
636 881 860 934 sciamus
886 891 1064 934 tamen
1083 891 1120 945 ³,
1151 897 1346 933 NIHIL
1386 883 1678 935 verborum.
1710 883 1880 935 caussa
1902 884 2018 936 effe

285 951 612 1019 faciendum,
646 971 768 1006 cum
820 953 981 1005 verba
1028 951 1136 1024 ipsa
1183 970 1358 1005 rerum
1409 954 1582 1026 gratia
1622 953 1721 1006 fint
1770 965 2012 1027 reperta:

286 1042 515 1095 quorum
560 1043 622 1077 ea
658 1025 778 1077 sunt
822 1025 1054 1076 maxime
1093 1024 1407 1095 probabilia,
1445 1043 1567 1096 quae
1598 1025 1814 1079 sensum·
1848 1026 2015 1080 animi

287 1095 445 1148 nostri
469 1096 672 1167 optime
706 1107 982 1178 promunt,
1008 1105 1170 1165 atque
1208 1094 1263 1146 in
1307 1095 1499 1148 animis
1529 1096 1799 1167 judicum,
1828 1098 2017 1169 quodb

193 1176 262 1233 33
289 1165 556 1232 volunmS,
585 1167 845 1220 efficiunt.
919 1168 997 1219 Ea
1019 1166 1218 1219 debent
1241 1167 1478 1236 praestare
1504 1168 1606 1220 fine
1634 1167 1802 1221 dubio
1827 1180 1881 1222 et
1919 1168 2014 1222 ad-

285 1237 585 1292 mirabilem
608 1249 626 1271 0
652 1249 708 1292 et
733 1237 1030 1310 jucundam
1069 1237 1363 1290 orationem
1391 1258 1404 1290 z
1449 1256 1631 1291 verum
1670 1240 2017 1293 admirabilem

285 1326 392 1361 non
420 1310 506 1375 fio,
534 1328 645 1382 quo
670 1308 834 1362 modo
857 1307 1103 1381 prodigia
1124 1308 1418 1378 miramur3
1459 1320 1514 1362 et
1544 1310 1816 1377 jucundam
1834 1313 1875 1377 ὃ,
1904 1327 2013 1365 non

282 1379 511 1505 §efgmi
547 1381 821 1453 voluptate
837 1391 877 1448 ⁸,
916 1380 1006 1433 sed
1048 1399 1174 1434 eum
1205 1380 1363 1434 laude
1401 1379 1470 1433 ad
1513 1371 1833 1453 dignitatem
1880 1400 2013 1437 con·-

305 1471 375 1505 un
435 1471 484 1505 a.

271 1468 298 1524 J
357 1525 403 1577 Ι.
445 1522 639 1595 Igitur,
666 1541 826 1596 quam
871 1521 1050 1575 Graeci
1089 1521 1257 1591 φράσιν
1299 1532 1512 1589 vocant,
1549 1523 1744 1576 Latine
1781 1523 2014 1578 dicimus

282 1593 610 1648 elocutionem.
686 1597 820 1647 Eam
861 1594 890 1646 s
921 1594 1156 1646 eelamus
1183 1593 1237 1645 in
1258 1594 1276 1626 f
1312 1594 1489 1648 verbis
1526 1607 1622 1648 aut
1645 1595 1891 1668 singulis,
1921 1607 2015 1649 aut

281 1666 568 1747 corfjuneflis.
644 1613 938 1739 Insinguiis
963 1664 1284 1718 intuendum
1319 1667 1410 1732 est,
1436 1675 1501 1719 ut
1535 1666 1633 1720 fint
1656 1668 1871 1728 Latina,
1892 1681 2013 1740 per-

262 1738 468 1809 spicua,
496 1748 695 1804 ornata,
720 1749 775 1790 et
808 1737 874 1789 ad
917 1735 992 1803 id,
1017 1735 1164 1807 quod
1207 1740 1414 1790 efficere
1452 1737 1722 1805 volumuS‚
1746 1756 2011 1791 accommo-

228 1821 260 1860 2
282 1810 408 1862 data
424 1831 442 1862 .-
475 1809 529 1861 in
555 1809 839 1881 camundis,
866 1819 930 1861 ut
957 1807 1211 1875 collocata,
1238 1819 1300 1861 ut
1306 1809 1573 1881 figurata.
1649 1811 1755 1862 Sed
1781 1829 1862 1876 ea,
1889 1829 2011 1881 quae

280 1878 351 1933 de
390 1880 595 1933 ratione
635 1881 825 1933 Latine
869 1890 1032 1952 atque
1070 1879 1352 1934 emendate
1387 1880 1645 1951 loquendi
1682 1879 1902 1934 fuerunt
1925 1881 2010 1933 di-

277 1951 468 2019 cenda,
509 1952 563 2005 in
601 1951 725 2004 libro
759 1952 942 2025 primo,
977 1969 1101 2004 cum
1149 1952 1248 2003 deg
1281 1952 1611 2024 grammatice
1646 1952 2010 2023 loqueremur,

281 2023 514 2077 exsecuti
556 2022 755 2076 sumus.
832 2025 1036 2075 Verum
1080 2021 1191 2076 illic
1231 2034 1466 2090 tantum,
1491 2041 1559 2076 ne
1600 2023 1787 2077 vitiosa
1825 2023 2008 2090 essent,

274 2094 708 2168 praeoepimush:
766 2093 857 2147 hic
902 2113 1007 2146 non
1051 2093 1286 2146 alienum
1331 2095 1404 2147 est
1453 2094 1758 2161 admonere,
1800 2106 1866 2148 ut
1909 2096 2011 2150 fin‘t

280 2184 444 2236 quam
483 2165 707 2219 minime
738 2166 1027 2239 peregrina,
1054 2175 1110 2217 et
1139 2177 1361 2218 externa.
1436 2166 1647 2219 Multos
1678 2167 1843 2232 enim,
1883 2166 2009 2239 qui-

279 2236 381 2290 bus
405 2236 695 2310 loquendii
724 2237 859 2290 ratio
884 2256 992 2289 non
1013 2236 1160 2302 defit,
1189 2236 1428 2289 invenias
1449 2238 1481 2303 ¹,
1547 2255 1645 2291 uos
1682 2238 1883 2290 curiose
1907 2257 2007 2310 po·

281 2308 390 2362 tius
413 2309 563 2381 loqui
587 2309 804 2375 dixeriS‚
831 2327 991 2380 quam
1017 2307 1239 2361 Latine:
1281 2327 1390 2380 quo
1421 2257 1586 2361 mogo
1620 2318 1674 2362 et
1707 2309 1799 2362 illa
1822 2309 2011 2362 Attica

276 2399 414 2435 anus
449 2381 896 2454 Theophrastum,
923 2378 1198 2433 hominem
1233 2379 1434 2452 alioqui
1477 2379 1886 2447 disertiffimum,
1909 2399 2008 2434 an-

1610 2570 1627 2592 ²
1657 2579 1727 2605 om.
1747 2565 1798 2605 G.
1882 2563 1900 2590 δ
1932 2578 2008 2606 nos

1573 2618 1590 2643 ‘¹
1623 2619 1688 2657 Sic
1709 2619 1760 2658 G.
1781 2620 2005 2659 orationem

1474 2678 1492 2702 8
1525 2684 1621 2712 cum
1640 2675 1932 2723 grammaticen
1952 2675 2004 2721 G.

1374 2724 1386 2755 1
1414 2727 1621 2766 inveniam
1638 2727 1745 2767 Jens.

334 2568 353 2587 '‘
390 2564 475 2603 Vid.
494 2563 566 2616 leg.
587 2566 690 2605 sunt.
775 2570 794 2590 ²
826 2565 1119 2604 commoriendi
1142 2565 1195 2604 G.
1218 2574 1254 2603 et
1270 2564 1322 2606 al.
1342 2573 1406 2616 ap.
1424 2566 1517 2605 Bur.

278 2617 348 2669 ins.
369 2617 420 2656 G.
438 2620 544 2658 Jens.
655 2625 671 2644 c
703 2619 814 2658 adm.
832 2620 988 2659 efficere
1007 2632 1091 2658 non
1111 2618 1164 2658 fic
1184 2618 1311 2667 omiffis
1329 2619 1395 2659 rel.
1411 2619 1463 2659 G.

279 2671 347 2724 ins.
368 2671 420 2710 al.
532 2678 548 2697 θ
579 2673 786 2712 voluntate
804 2675 909 2714 Jens.
1036 2671 1053 2698 f
1081 2688 1150 2711 om·
1174 2674 1225 2712 G.
1245 2672 1351 2712 Jens.

279 2724 301 2751 ¹¹
330 2725 398 2764 Sic
417 2727 469 2766 G.
497 2728 753 2778 praecipimus
772 2727 825 2767 al.
937 2724 946 2752 ¹
978 2727 1191 2778 eloquendi
1212 2727 1263 2766 G.

341 2888 361 2927 3
373 2889 389 2916 1
400 2907 411 2916 .
431 2873 562 2916 nullus
564 2875 666 2932 finis
679 2874 978 2930 calumniandi]
999 2876 1098 2918 Huc

278 2927 382 2974 facit
399 2934 562 2989 egregie
581 2934 692 2976 Plin'.
719 2948 788 2987 34,
808 2938 849 2985 8,
871 2934 902 2976 s.
930 2950 999 2989 19.
1029 2934 1098 2976 Ex

277 2989 456 3033 omnibus
487 2998 625 3034 autem
659 2991 839 3034 maxime
872 2991 1099 3048 cognomine

277 3045 438 3104 infimis
455 3048 508 3106 est
538 3048 823 3100 Callimachus,
839 3052 1004 3108 semper
1026 3064 1096 3091 ca-

274 3105 504 3207 }umniator
522 3107 600 3159 sui,
620 3123 692 3151 nec
706 3108 834 3165 finem
863 3107 1015 3150 habens
1031 3107 1096 3149 di-

291 3163 466 3220 igentiae,
495 3164 541 3207 ob
570 3164 616 3207 id
642 3166 888 3220 κακιζότεχνος
916 3180 945 3207 a
996 3165 1096 3207 ella-

275 3230 358 3272 tus,
390 3222 642 3266 memorabili
670 3223 848 3279 exemplo
882 3225 942 3266 ad
966 3222 1099 3266 ibendi

273 3294 388 3322 curae
418 3281 591 3323 modum.
637 3280 809 3330 Similis,
843 3281 907 3323 secl
940 3282 1097 3324 diversa

275 3348 413 3380 tamen
446 3339 500 3381 est
531 3339 602 3382 illa
630 3338 836 3381 calumnia
863 3339 1034 3391 timoris,
1054 3348 1096 3381 et

274 3411 391 3439 caecae
405 3396 639 3456 ficspicionis
654 3404 910 3451 tormentum,
931 3398 982 3440 de
1012 3411 1096 3454 quo

275 3455 447 3497 Caecina
475 3456 663 3512 queritur
691 3456 765 3497 sub
796 3455 892 3497 Cic.
924 3454 1028 3498 fam.
1053 3459 1094 3505 6,

277 3527 321 3564 7.
354 3512 424 3556 uhi
457 3512 618 3556 animus
651 3514 710 3555 ita
724 3514 868 3571 ficum
901 3512 1093 3571 loquifur,

276 3571 362 3621 Hoc
386 3570 577 3629 probabit
607 3572 772 3630 Caefiir3
816 3569 887 3614 hoc
917 3571 1094 3615 verbum

1166 2873 1422 2933 ficspicioficm
1452 2875 1532 2932 est3
1569 2874 1721 2932 quidsi
1747 2874 1818 2919 hoc
1847 2885 1955 2920 muto
1973 2875 2001 2921 ε’

1179 2943 1227 2975 at
1246 2948 1414 2984 vereor,
1432 2947 1482 2976 ne
1492 2935 1610 2990 pejus
1615 2934 1675 2987 stt
1694 2935 1776 2976 «Sec.

1244 3007 1311 3044 31.
1358 2991 1649 3045 commorandi]
1690 2991 1815 3035 Poffit
1847 2993 2004 3050 aliquis

1179 3049 1379 3105 argutari,
1415 3049 1578 3107 elegans
1617 3049 1691 3092 effe
1727 3050 1846 3101 illud,
1886 3053 2001 3108 quod

1180 3108 1338 3150 Gothae
1366 3107 1535 3164 legitur,
1563 3107 1857 3160 commoriendi,
1891 3111 2001 3154 indi-

1179 3165 1263 3206 cari
1284 3166 1391 3208 enim
1413 3166 1616 3208 summum
1641 3165 1761 3208 studii
1778 3167 1967 3224 'gradum
1986 3186 1997 3211 ε

1178 3223 1242 3265 sed
1264 3225 1334 3266 vix
1353 3233 1512 3282 paterer
1534 3225 1797 3283 consenescere
1815 3224 1999 3282 aliquem

1178 3296 1274 3324 cum
1309 3281 1477 3347 singulis
1510 3296 1611 3340 pene
1643 3282 1826 3342 syllabis,
1846 3284 1999 3326 nedum

1178 3353 1379 3382 commori.

1239 3413 1282 3439 2.
1327 3412 1433 3441 anus
1470 3395 1803 3457 Theophrastum]
1855 3397 2001 3442 Refm

1159 3455 1328 3498 'Cicero
1360 3457 1402 3498 in
1431 3457 1580 3506 Bruto,
1602 3470 1641 3499 c.
1671 3459 1746 3509 46,
1777 3457 1878 3498 Cum
1900 3464 2000 3513 per-

1178 3516 1443 3556 1·un:2¹c2rc'tur
1490 3528 1544 3556 cx
1592 3514 1755 3556 anicula
1802 3515 1999 3571 quadam,

1174 3572 1339 3629 (Quanti
1359 3572 1518 3630 aliquid
1539 3572 1755 3615 venderet?
1786 3582 1825 3615 et
1843 3574 2000 3632 respon-

1199 3645 1292 3694 1³4
