2320 4030
619 327 897 377 INSTIT.
933 327 1276 378 ORATOR.
1314 327 1450 375 LIB.
1485 325 1599 376 XII.
1638 339 1685 392 7.
1895 343 2004 393 3323

284 462 538 536 idemque
579 481 791 516 Pon'ru
805 482 848 515 M
889 462 1041 516 illum
1079 462 1398 534 eloquentiae
1433 462 1538 515 suae
1575 461 1861 539 salutarent
1893 480 2005 533 non

284 534 445 588 etiam
471 534 652 606 piratis
677 534 972 605 patefaciet,
999 533 1330 606 duceturque
1361 533 1415 585 in
1451 533 1852 608 aduocationem
1889 554 2005 588 ma-

227 618 262 673 5
286 604 427 659 xime
460 605 646 658 cauffa.
721 604 995 658 Quoniam
1029 615 1207 658 tamen
1248 622 1452 669 omneS,
1489 605 1582 675 qui
1620 623 1725 656 non
1763 605 2008 677 improbe

282 676 592 749 litigabunt,
639 694 867 748 quorum
914 685 1056 728 certe
1103 677 1280 728 bonaoe
1323 694 1446 747 pars
1483 677 1571 739 est,
1612 675 1856 729 sustinere
1898 695 2009 730 nou

322 749 450 800 otest
474 767 632 810 nune,
656 747 859 818 aliquid
894 746 1054 799 etiam
1091 746 1580 822 commendantium
1600 746 1618 777 f
1653 747 1883 820 personis
1908 747 2004 801 da-

281 766 384 885 Bit,
411 829 466 871 et
499 818 746 889 ipsorum,
774 817 867 890 qui
893 816 1103 888 judicio
1138 817 1443 883 decernent,
1470 829 1567 870 utg
1603 817 1795 888 optimi
1828 817 2004 891 cujus-

281 908 390 960 que
426 889 700 942 voluntate
735 900 1038 953 moveatur3
1075 907 1305 959 namque
1336 888 1436 940 hos
1470 899 1522 940 et
1555 889 1887 942 amiciflimos
1924 890 2005 957 vit·

228 959 456 1014 6bonus
482 959 703 1013 habebit
721 960 763 1013 ¹¹.
837 958 1272 1012 Submovendum
1307 979 1431 1012 vero
1466 960 1538 1011 est
1575 970 1863 1032 utrumque
1885 979 2004 1014 am-

281 1031 427 1085 bitus
472 1050 666 1102 genuS,
710 1031 794 1083 vel
843 1029 1150 1101 potentibus
1198 1041 1382 1083 contra
1424 1029 1653 1083 humiles
1698 1031 2006 1086 venditandi

279 1119 496 1174 operam
522 1105 699 1167 suam3
741 1102 826 1155 vel
853 1101 984 1154 illud
1010 1101 1173 1154 etiam
1199 1101 1508 1173 jaRantiuS,
1538 1101 1786 1168 minoreS,
1814 1103 2004 1174 utique

280 1185 467 1227 contra
490 1173 826 1246 dignitatern,
854 1172 1151 1225 attollendi.
1224 1173 1352 1225 Non
1378 1173 1520 1225 enim
1559 1172 1771 1226 fortuna
1805 1173 2005 1228 caussas

280 1243 366 1298 vel
393 1244 557 1317 justas
595 1245 678 1297 vel
709 1244 975 1315 improbas
1006 1243 1153 1298 facit.
1225 1244 1424 1315 Neque
1457 1261 1582 1297 vero
1612 1244 1781 1315 pudor
1815 1246 2005 1312 obstet,

280 1333 391 1387 quo
427 1317 605 1368 minus
639 1314 946 1386 susceptam,
972 1334 1096 1367 cum
1133 1314 1324 1367 melior
1360 1314 1642 1380 videretur,
1667 1315 1840 1380 litem,
1867 1334 2002 1388 cog-

282 1386 396 1439 nita
418 1386 556 1439 inter
586 1386 911 1439 dicendnm²
944 1385 1242 1456 iniquitate,
1269 1385 1506 1438 dimittat
1524 1385 1569 1451 ¹²,
1595 1404 1718 1439 cum
1755 1387 1899 1458 prius
1930 1389 2003 1440 li-

229 1470 258 1525 7
282 1457 497 1530 tigatori
519 1458 714 1510 dixerit
738 1476 942 1510 verum.
1004 1459 1146 1510 Nam
1172 1466 1229 1511 et
1253 1456 1307 1508 in
1334 1457 1438 1509 hoc
1461 1456 1773 1524 maximum,
1801 1458 1834 1511 fi
1861 1459 2004 1530 aequi

269 1528 483 1601 judices
520 1530 721 1594 sumuS,
746 1528 1061 1582 beneficium
1102 1529 1192 1592 est,
1225 1538 1285 1587 ut
1327 1546 1433 1580 non
1469 1528 1710 1582 fallamus
1748 1547 1883 1582 vana
1916 1533 2005 1601 spe

277 1599 602 1673 litigantem.
677 1602 872 1672 Neque
909 1601 1013 1652 est¹
1056 1599 1256 1672 dignus
1294 1618 1454 1670 opera
1490 1600 1716 1670 patroni,
1760 1601 1853 1672 qui
1894 1619 2002 1654 non

278 1672 449 1726 utitur
474 1672 706 1726 confiliO.
784 1674 854 1724 Et
880 1684 1021 1724 certe
1046 1689 1154 1724 non
1181 1671 1429 1724 convenit
1452 1671 1521 1735 ei,
1550 1689 1711 1742 quem
1737 1682 2003 1726 oratorem

276 1742 381 1797 effe
429 1743 698 1808 volumus,
746 1742 933 1814 injusta
971 1743 1108 1795 tueri
1151 1742 1423 1795 scientem.
1499 1742 1642 1794 Nam
1683 1743 1716 1794 fi
1762 1761 1827 1795 ex
1871 1743 2002 1810 illis,

279 1833 414 1885 quas
440 1814 586 1884 supra
621 1815 875 1878 diximuS,
902 1815 1082 1867 cauffis
1105 1824 1137 1847 ¹¹¹
1173 1812 1359 1866 falsum
1397 1813 1656 1878 tuebitur,
1684 1813 1783 1865 erit
1821 1825 2003 1869 tamen

278 1885 579 1950 honestum,
607 1885 751 1958 quod
777 1886 882 1958 ipse
907 1885 1083 1938 faciet.
1161 1883 1403 1938 Gratisne
1427 1885 1476 1936 ei
1507 1884 1613 1937 sem
1655 1903 1711 1936 er
1733 1886 2000 1956 agendum

227 1953 260 2006 8
282 1956 360 2022 fit,
387 1956 593 2010 tractari
619 1958 799 2028 potest.
876 1956 1040 2010 Quod
1067 1975 1132 2009 ex
1155 1957 1327 2027 prima
1347 1965 1368 1991 ¹¹
1408 1955 1577 2007 statim
1627 1968 1777 2008 ronte
1801 1957 2000 2028 dijudin

280 2046 418 2092 care,
445 2028 860 2099 imprudentium
899 2028 987 2080 est.
1020 2070 1021 2074 ,
1060 2029 1202 2080 Nam
1228 2027 1349 2097 quis
1386 2026 1615 2098 ignorat,
1643 2027 1770 2098 quin
1799 2027 1855 2080 id
1880 2028 2000 2080 lon-

278 2117 352 2171 ge
392 2101 451 2152 fit
491 2099 922 2164 honestiffimum‚
964 2117 1027 2152 ac
1076 2098 1385 2153 liberalibus
1432 2097 1742 2170 disciplinis,
1786 2110 1841 2151 et
1882 2098 2000 2164 illo,

279 2189 443 2242 quem
486 2171 774 2241 exigimuS,
814 2171 995 2224 animo
1031 2169 1414 2243 digniffimum‚
1458 2188 1564 2222 non
1607 2170 1829 2228 vendere
1871 2189 2002 2242 ope-

279 2260 412 2309 ram,
439 2260 536 2295 ncc
562 2242 766 2296 elevare
790 2242 927 2295 tanti
963 2241 1204 2296 beneficii
1229 2240 1635 2295 auctoritatem?
1677 2260 1802 2297 cum
1827 2241 2000 2313 plera-

1753 2410 1774 2435 Β
1805 2410 1927 2451 habet
1947 2411 2002 2452 G.

331 2418 354 2442 ο
380 2426 448 2451 om.
468 2412 521 2452 G.
538 2412 643 2451 Jens.
778 2408 796 2435 f
821 2411 1156 2461 commendatum
1174 2411 1227 2450 G.
1364 2415 1382 2440 ⁸
1414 2418 1485 2450 ³¹¹³
1501 2410 1608 2450 'lens'
1698 2462 1718 2490 ι
1748 2464 1927 2508 dimittas
1945 2467 1983 2506 G

279 2463 290 2492 ¹
322 2467 624 2517 disceptandum
643 2465 694 2505 G.
722 2465 956 2504 discendum
974 2466 1080 2504 Jens.
1099 2473 1134 2503 et
1144 2465 1248 2516 plur.
1267 2473 1329 2516 ap.
1351 2466 1483 2505 Burm.

276 2517 288 2545 ¹
319 2521 433 2571 enim
451 2521 503 2561 G.
520 2521 627 2560 sens.
735 2527 764 2546 ¹¹¹
799 2534 868 2559 om.
887 2520 993 2560 Jens.
1102 2524 1121 2543 ¹²
1153 2520 1285 2572 primo
1304 2520 1356 2559 G.

275 2654 417 2706 mnis,
435 2654 508 2697 vix
525 2669 630 2713 opus
649 2655 704 2698 est
722 2654 879 2710 diftu).
912 2655 1098 2712 Namque

276 2723 318 2756 et
354 2727 478 2771 neque
515 2727 644 2771 quam
682 2712 802 2756 facile
835 2713 1095 2764 misceantur,

208 2779 212 2784 '
276 2781 421 2815 notum
444 2770 514 2814 est.

337 2833 378 2871 6.
401 2837 543 2872 contra
559 2829 818 2886 dignitatem]
842 2829 934 2880 Vel,
951 2838 999 2871 ut
1021 2828 1095 2871 ho-

274 2885 342 2929 die
361 2888 601 2945 loquuntur,
617 2898 759 2931 contra
779 2889 924 2930 merita
945 2886 1089 2930 causae.

276 2944 531 3002 Dignitatem
569 2948 627 2989 ita
667 2948 780 3004 poni,
813 2945 875 2989 vel
909 2945 991 2988 sola
1024 2944 1094 2987 ilia

273 3002 460 3046 definitio
490 3004 664 3059 justitiae
695 3006 829 3053 docet,
850 3004 961 3061 apud
995 3002 1089 3045 Cic.

274 3061 325 3103 de
359 3063 451 3104 Inv.
483 3078 524 3110 2,
561 3077 630 3115 53,
662 3063 775 3120 qnod
795 3063 920 3119 fitam
955 3060 1094 3118 cuique

274 3118 432 3161 tribuat
449 3119 703 3176 dignitatem.
744 3122 801 3162 It.
827 3136 899 3177 pro
920 3121 1089 3162 Μυκη.

277 3191 317 3219 c.
355 3194 398 3232 9,
429 3178 497 3220 Ad
526 3192 594 3219 con
611 3179 767 3219 alatum
801 3177 1093 3235 adipiscendum

276 3234 397 3277 multo
419 3235 511 3291 plus
529 3251 557 3277 a
574 3237 670 3291 fert
687 3235 916 3291 dignitatis,
935 3234 997 3277 rei
1014 3234 1091 3277 mi·

272 3292 414 3336 lituris
429 3308 550 3349 quam
557 3293 674 3350 juris
691 3293 828 3337 civilis
841 3292 995 3349 glcria.

336 3353 383 3392 6.
415 3350 523 3393 inter
537 3351 766 3405 dicendum]
797 3349 1094 3395 Blandiebatur

275 3409 395 3451 nobis
417 3409 658 3463 Jensoniana
678 3409 798 3453 leaio
819 3410 927 3452 inter
944 3409 1091 3466 discen-

272 3466 368 3508 dum
384 3486 397 3509 .·
431 3476 520 3508 tum
542 3469 650 3510 enim
684 3467 745 3510 vel
765 3469 942 3510 maxime
960 3468 1093 3522 :equi-

276 3532 339 3566 tas
372 3524 433 3567 vel
464 3526 668 3625 iniqtliissas
694 3526 857 3568 videtur
883 3524 1091 3582 cognosci.

274 3582 351 3624 Sed
383 3597 479 3626 mox
513 3597 562 3625 co
616 3583 662 3640 gi
697 3598 778 3634 nie,
804 3587 901 3626 cuni
930 3583 980 3625 de
1001 3583 1092 3641 sus-

1177 2661 1292 2711 cepta
1318 2653 1404 2707 jam
1429 2655 1548 2698 causa
1570 2655 1696 2698 sermo
1715 2654 1775 2707 fit,
1797 2656 1908 2713 quod
1926 2671 1998 2700 ne-

1177 2728 1246 2755 mo
1265 2712 1335 2755 nifi
1367 2713 1468 2755 levis
1499 2722 1593 2757 ante
1623 2713 1739 2764 facit,
1760 2728 1885 2771 quam
1905 2730 1997 2758 eam

1175 2771 1382 2813 didicerit.
1432 2772 1592 2814 Deinde
1626 2773 1722 2828 quis
1758 2772 1891 2829 pudor
1920 2775 1998 2816 ob-

1176 2830 1276 2872 stare
1296 2829 1421 2886 potest
1452 2845 1499 2871 eo
1528 2840 1723 2887 tempore,
1744 2845 1839 2872 cum
1860 2831 1997 2875 adhuc

1175 2902 1271 2930 cum
1306 2887 1386 2929 solo
1427 2886 1635 2944 litigatore
1671 2890 1885 2947 negotium
1923 2890 1995 2941 est,

1175 2946 1337 2988 causam
1367 2945 1479 2988 suam
1507 2946 1708 2989 docente?
1740 2947 1889 3004 Itaque
1917 2946 1996 2991 sine

1174 3004 1433 3047 dubitatione
1447 3004 1532 3058 jam
1549 3002 1721 3062 praefero
1740 3004 1848 3047 inter
1859 3005 1996 3047 dicen-

1174 3062 1293 3114 dum3
1322 3061 1384 3103 vel
1405 3061 1428 3102 fi
1451 3063 1552 3118 quid
1574 3065 1614 3104 in
1635 3062 1803 3119 vulgata
1823 3063 1995 3107 lectione

1175 3120 1420 3162 mutandum
1452 3119 1513 3169 fit,
1551 3121 1796 3163 Gothanum
1836 3122 1995 3178 sequar,

1173 3176 1282 3220 inter
1297 3177 1610 3234 disceptandum.
1656 3179 1768 3221 Inter
1786 3179 1994 3222 dicendum

1173 3250 1333 3293 nempe,
1375 3235 1483 3277 inter
1528 3235 1841 3294 d{s‘ceptandum‚
1890 3252 1995 3280 non-

1171 3307 1385 3351 nunquam
1404 3305 1615 3350 emergunt
1634 3304 1758 3351 atque
1778 3307 1996 3359 apparent,

1173 3366 1267 3408 quae
1299 3351 1613 3394 dissimulaverat
1646 3354 1852 3412 litigatorg
1906 3362 2006 3405 Hic·

1173 3411 1335 3467 patroni
1353 3408 1612 3471 ejusdemque
1623 3407 1815 3461 boasviri
1836 3417 1906 3467 est,
1917 3419 1996 3460 ob-

1175 3468 1287 3522 sequi
1308 3467 1540 3513 Horatiano
1559 3477 1734 3524 monito,
1756 3478 1888 3532 Quem
1905 3478 1995 3534 fisa

1174 3525 1292 3582 culpa
1305 3533 1479 3584 prcmet,
1499 3528 1682 3588 deceptus
1701 3531 1838 3576 omitte
1853 3534 1978 3581 tueri.

1190 3654 1283 3701 ΥΞ
