2320 4030
598 266 881 316 INSTIT.
918 265 1263 318 ORATOR.
1302 267 1438 317 Lm.
1467 253 1564 318 ix.
1600 286 1651 332 4.
1896 274 1986 330 116³

260 401 585 472 plitud'inem
623 393 810 472 daajli
845 420 1082 484 quoque,
1106 419 1168 454 ae
1199 403 1405 474 paeon-is,
1430 404 1628 459 etiamsi
1657 404 1882 477 snzajorii
1917 427 1986 467 ex

257 483 417 544 parte
451 473 668 545 syllabis
726 474 995 538 brevibus»,
1041 474 1372 544 temporibus
1421 485 1600 529 tamen
1648 476 1769 537 satis
1817 478 1982 557 pleni.

257 543 456 615 Aspera
499 555 683 597 contra
727 543 937 596 iambis-¹
977 544 1208 598 maxime
1243 545 1608 599 concitantur:
1663 565 1770 605 non
1813 549 1983 610 iolum

259 614 407 687 quod
445 615 549 673 lint
579 633 610 667 e
653 614 862 669 duabus
897 613 1062 670 modo
1101 613 1337 686 syllabis5
1363 634 1534 689 eoque
1572 616 1983 700 frequentiorem

260 687 399 758 quali
426 685 633 757 pulsum
669 685 890 749 habent,
916 701 1039 756 quae
1080 702 1163 738 res
1201 685 1407 757 lenitati
1451 698 1714 742 contraria
1745 689 1854 742 est:
1893 691 1983 744 sed

260 756 422 810 etiam
448 755 597 828 quod
628 756 878 809 omnibus
917 756 1159 826 partibus
1177 767 1209 789 ¹¹¹
1252 757 1549 829 insurgunt,
1574 770 1632 812 et
1670 779 1702 813 a
1731 761 1983 826 brevibus

259 826 315 880 in
353 827 541 885 lonas
573 826 818 882 nituntur
840 838 895 882 et
918 827 1196 881 crescunt:
1234 827 1464 901 ideoque
1501 830 1745 886 meliores
1781 833 1983 900 choreis,

167 920 236 960 ¹37
262 898 355 970 qui
379 917 412 953 a
469 898 624 970 ongis
652 899 705 951 in
741 898 927 955 breves
964 898 1182 953 cadunt.
1259 900 1537 966 Suhmiffa,
1565 902 1743 973 qualia
1772 903 1826 956 in
1867 903 1989 975 epia„

259 966 420 1043 logiS,
467 970 683 1022 ¹¹lentas
730 981 786 1022 et
826 970 953 1040 ipsa,
999 981 1054 1022 et
1102 970 1281 1024 minus
1325 972 1684 1028 exclamantes
1736 974 1980 1046 exigunt.

260 1040 398 1095 Vult
434 1041 534 1094 effe
571 1040 756 1094 Celsus
797 1041 1032 1112 aliquam
1072 1052 1127 1095 et
1166 1042 1484 1112 superiorem
1526 1045 1998 1116 compositionem,

259 1130 424 1184 quam
469 1111 503 1165 fi
544 1112 762 1184 quidem
787 1123 807 1144 ⁰
849 1111 1097 1164 sciremus
1121 1123 1164 1178 Ρ,
1208 1113 1555 1167 doceremus:
1603 1116 1691 1168 sed
1735 1116 1795 1169 fit
1813 1127 1855 1182 ¹³,
1883 1136 1981 1171 ne-

258 1183 393 1237 cefl‘e
422 1185 524 1248 est,
559 1183 708 1237 tarda
746 1193 801 1236 et
843 1183 1043 1254 supina.
1120 1184 1325 1237 Verum
1369 1185 1461 1239 nisi
1500 1205 1565 1239 ex
1604 1187 1781 1240 verbis
1822 1200 1991 1261 atque

258 1253 532 1308 sententiis
556 1273 647 1325 per
682 1255 785 1308 sese
809 1254 863 1307 id
887 1254 1162 1326 quaeritur,
1188 1255 1312 1308 satis
1348 1256 1526 1309 odiosa
1561 1257 1660 1322 effe
1693 1277 1800 1311 non
1826 1270 1998 1331 pote--

168 1337 236 1387 138
259 1325 347 1379 rit.
422 1327 694 1399 Denique,
733 1338 794 1380 ut
831 1326 990 1380 semel
1030 1325 1231 1392 finiam,
1272 1327 1339 1380 fic
1378 1327 1486 1382 fere
1528 1331 2000 1400 componendum,-

259 1416 370 1468 quo
407 1396 570 1450 modo
605 1396 1063 1519 ponuntiandum
1105 1398 1223 1455 erit.
1297 1398 1426 1451 ΑΠ’
1467 1400 1669 1470 nonin
1709 1402 1984 1473 prooemiis

259 1468 576 1540 plerumque
627 1468 893 1533 ubmiffi⁸,
926 1467 1040 1538 (nisi
1077 1486 1203 1522 cum
1241 1469 1294 1522 in
1333 1471 1667 1524 accusatione
1703 1473 2001 1533 concitam,

171 1552 176 1557 ’
257 1539 358 1594 dus
401 1540 474 1593 est
506 1539 693 1612 judex,
738 1550 832 1592 aut
874 1539 1051 1612 aliqua
1087 1540 1456 1614 indignatione
1496 1543 1870 1615 complendus)
1925 1545 2002 1606 in*

257 1610 558 1664 narratione
581 1610 726 1683 pleni
752 1621 915 1683 atque
938 1612 1172 1683 expreffi‚
1195 1613 1248 1666 in
1276 1613 1606 1686 argumentis
1631 1614 1798 1680 citati,
1821 1626 1983 1698 atque

257 1681 372 1765 ipso
410 1682 575 1736 etiam
610 1693 766 1737 motu
802 1681 999 1735 celeres
1034 1683 1284 1738 sumus‘?
1326 1697 1390 1738 ut
1423 1684 1478 1736 in
1504 1685 1638 1738 locis
1657 1703 1724 1739 ac
1749 1687 1980 1760 descrip-

257 1753 498 1807 tionibus
522 1753 618 1808 fufi
643 1772 706 1807 ac
728 1754 974 1820 fluentes,
1001 1753 1054 1806 in
1095 1755 1326 1829 epilogis
1359 1755 1673 1829 plerumque
1709 1757 1903 1830 dejthi
1926 1768 1984 1812 et

165 1823 502 1885 139infra6ti?
557 1827 780 1898 Atque¹¹
819 1826 1054 1897 corporis
1135 1846 1312 1898 uoque
1355 1828 1567 1884 motui¹
1603 1829 1693 1882 sua
1735 1829 1997 1900 quaedam>

172 1902 180 1909 '
259 1906 518 1968 tempora,
560 1909 617 1950 et
672 1895 807 1967 [ady
851 1897 996 1970 figna
1035 1916 1102 1970 pe
1144 1901 1259 1970 um]
1314 1917 1423 1952 non
1472 1899 1653 1953 minus
1699 1900 1982 1969 saltationi,

297 1987 419 2021 uam
458 1968 914 2022 modulationibus
955 1968 1177 2022 adhibet
1213 1969 1448 2025 musica²
1489 1972 1624 2025 ratio
1664 1990 1915 2027 numeros
1939 1985 1982 2034 ἓ.

319 2036 414 2093 uid
435 2041 454 2092 ἲ
494 2058 606 2092 non
630 2059 734 2093 vox
758 2050 813 2093 et
837 2041 983 2093 aetus
1007 2041 1443 2096 accommodatur
1467 2052 1670 2100 naturae
1687 2043 1711 2076 b
1733 2043 1981 2115 ipsarum,

258 2110 327 2164 de
349 2110 547 2183 quibus
583 2110 833 2176 dicimus,
862 2114 1077 2164 rerum?
1120 2113 1248 2167 Quo
1283 2112 1463 2166 minus
1498 2113 1555 2169 id
1580 2114 1775 2167 mirum
1804 2115 1858 2167 in
1883 2133 1980 2186 pe—

259 2181 419 2244 dibus
443 2182 717 2250 orationi3‚
737 2201 868 2237 cum
894 2182 1125 2242 debeant
1146 2183 1392 2238 sublimia
1414 2185 1648 2257 ingredi,
1670 2185 1812 2239 lenia
1834 2186 1981 2252 duci,

311 2350 321 2378 ἱ
353 2352 552 2402 major-G.
722 2352 735 2378 ¹
762 2353 924 2395 iambus
945 2366 1056 2394 max.
1077 2356 1303 2397 concitatus
1323 2355 1375 2395 G.
1394 2355 1501 2394 Jens.
1661 2364 1692 2386 m
1721 2357 1888 2408 pedibus
1906 2357 1977 2396 iid.

259 2411 278 2430 ⁸
304 2407 366 2445 sed
387 2408 453 2460 inst
475 2408 542 2447 fid.
635 2414 654 2437 ⁰
674 2409 859 2458 equidem
880 2410 932 2448 G.
951 2410 1118 2460 quidem
1136 2410 1241 2449 Jens.
1336 2415 1356 2443 P
1375 2410 1470 2448 scire
1488 2417 1562 2449 nos
1579 2409 1685 2450 Jens.
1787 2417 1806 2443 ⁴³
1832 2411 1908 2450 fint
1925 2411 1980 2451 G.

258 2467 276 2490 ⁷
303 2463 358 2501 At
377 2462 488 2499 enim
507 2461 612 2501 Jens.
655 2473 657 2475 ’
741 2469 756 2491 ³
785 2462 952 2503 summis
972 2464 1025 2504 id.
1152 2467 1166 2494 t
1194 2463 1316 2503 fimus
1336 2463 1386 2503 id.
1527 2470 1545 2488 *¹
1579 2465 1645 2502 Ad
1664 2475 1741 2513 que
1760 2464 1810 2506 G.
1841 2466 1980 2515 Atque

257 2515 362 2553 Jens.
383 2516 509 2566 Atqui
527 2514 580 2555 al.
691 2522 711 2543 Χ
741 2525 878 2556 motus
897 2517 952 2557 G.
1062 2525 1080 2550 Υ
1113 2517 1258 2570 ΙησΙιςῙα
1276 2518 1455 2556 videntur
1471 2516 1538 2571 ff
1556 2534 1574 2558 e
1589 2516 1719 2571 gl⁰ffi¹·
1835 2524 1853 2544 ²
1887 2531 1980 2558 mu-

259 2568 383 2609 nicam
402 2569 456 2609 G.
564 2584 582 2602 a
613 2581 876 2613 numerorum
895 2571 948 2610 G.
967 2571 1074 2612 Jens.
1181 2573 1198 2597 ¹³
1231 2581 1375 2611 natura
1392 2572 1460 2609 iid.

320 2722 336 2749 ι
351 2710 420 2761 36.
442 2706 683 2765 temporibus
687 2707 799 2765 satis
805 2707 936 2766 pleni]
956 2712 1011 2751 V.
1025 2724 1071 2767 g.
1221 2723 1237 2751 1
1251 2724 1320 2766 39.
1356 2709 1440 2765 [ad
1439 2707 1564 2765 figna
1571 2709 1742 2765 pedum]
1772 2709 1885 2752 Puto
1903 2723 1978 2752 vo·

257 2780 338 2808 vox
385 2776 568 2823 quatuor
605 2765 851 2824 syllabarum
889 2768 1076 2810 brevium
1158 2766 1271 2810 luiss'e
1309 2768 1489 2824 aliquem
1536 2767 1739 2824 explicare
1774 2781 1976 2818 numeros,

256 2825 514 2877 tantumdem,
535 2835 608 2866 aut
668 2824 735 2866 lus
763 2826 864 2867 adeo
883 2825 990 2868 valet
1010 2841 1075 2877 ea,
1158 2826 1232 2881 qui
1280 2825 1483 2868 saltationi
1538 2825 1800 2875 adhibentur,
1848 2840 1980 2882 eaque

257 2897 353 2939 quae
371 2884 474 2925 duas
494 2882 617 2924 habet
650 2898 778 2940 ongas
801 2885 882 2926 &c.
978 2903 982 2908 ·
1145 2883 1269 2939 stgna
1295 2884 1444 2941 pedum
1472 2881 1645 2933 vocafl'e;
1664 2893 1716 2941 ut*
1736 2897 1880 2940 nempe
1900 2884 1976 2925 ho-

209 2995 213 2997 *
321 2956 421 2994 ¹37·
472 2939 565 2982 Vult
602 2941 676 3040 seffi»
724 2941 877 2998 Celsus]
928 2941 1075 2998 Neque
1157 2942 1227 2983 die
1258 2944 1387 2985 etiam
1426 2941 1524 2984 libri
1554 2950 1712 2991 extant,
1746 2942 1788 2984 in
1850 2942 1978 2985 uibus

257 3000 358 3055 quid
395 2997 493 3042 velit
524 2997 598 3042 Cel
615 3013 683 3049 uS,
722 3014 853 3056 neque
889 2999 992 3057 quid
1027 2999 1079 3042 de
1158 2999 1282 3056 pedes
1301 2998 1589 3056 singuliatque
1609 3000 1764 3055 gradus
1792 2997 1832 3040 sa
1851 2999 1978 3042 tanti-

256 3055 422 3099 confilio
452 3057 539 3110 ejus
566 3057 724 3110 judicet
751 3057 928 3108 Fabius,
956 3058 1077 3100 intel·
1156 3058 1238 3100 bus
1270 3059 1519 3115 geometrica
1553 3057 1749 3114 quadam.
1784 3067 1893 3100 certe
1926 3056 1978 3099 li·

256 3114 335 3172 ligi
369 3130 394 3157 a
427 3129 493 3156 me
525 3114 735 3158 confiteor.
794 3117 999 3158 Veniebat
1032 3117 1075 3158 in
1156 3118 1267 3159 near-i
1295 3117 1454 3159 ratione
1482 3115 1704 3173 praescripti
1733 3114 1845 3161 sunt.
1894 3116 1977 3158 Fa-

257 3183 434 3215 mentem
455 3172 602 3229 legere,
622 3172 722 3215 vult
749 3172 818 3230 cffi
845 3174 977 3231 Celsics
994 3174 1074 3216 ali-
1157 3173 1253 3216 bius
1282 3188 1427 3232 nempe
1460 3182 1772 3230 argumentatur
1802 3187 1825 3214 a
1856 3172 1980 3216 salta·

252 3245 378 3287 quam
405 3239 446 3273 et
464 3229 712 3287 supiniorem
744 3231 1072 3288 compofitionem3
1154 3232 1268 3275 tione
1313 3231 1388 3274 ista
1434 3240 1477 3274 et
1513 3230 1670 3274 afflone
1717 3229 1977 3282 histrionum,

256 3303 303 3330 ac
337 3288 587 3346 stepiniorem
624 3287 904 3346 intelligebam
942 3290 1073 3347 negli·
1158 3304 1336 3345 quorum
1370 3299 1509 3332 motus
1543 3287 1771 3346 praescripti
1801 3288 1861 3331 illi
1881 3289 1979 3346 qui-

254 3351 396 3402 gentia
415 3347 595 3403 quadam
619 3356 658 3389 et
688 3346 800 3404 quasi
818 3344 982 3390 fastidio
1000 3362 1074 3389 au·
1155 3348 1267 3398 dem,
1301 3347 1366 3389 sed
1405 3347 1457 3389 ad
1495 3356 1784 3403 argumentum
1822 3344 1978 3390 fabulae

241 3406 436 3462 ,diturum
457 3404 655 3446 odiosam.
679 3405 951 3448 Succurrebat
971 3406 1076 3448 illud
1155 3405 1463 3448 accommodati
1500 3404 1619 3447 sunt:
1672 3403 1824 3460 quidni
1865 3405 1978 3450 idem

260 3478 275 3503 ι
291 3477 329 3513 1,
355 3476 395 3516 3,
420 3477 518 3512 ιη,
549 3462 616 3520 Est
633 3461 763 3520 odiosa
780 3461 905 3505 omnis
915 3462 1077 3520 supini·-
1160 3462 1233 3506 fiat
1253 3464 1296 3507 in
1315 3462 1474 3508 afflone
1492 3460 1695 3506 oratoris?

252 3527 336 3561 tus.
370 3519 444 3561 Sed
466 3518 569 3562 mihi
590 3520 671 3578 ipse
691 3535 771 3563 non
793 3519 1015 3564 satisfaciu.

328 3592 410 3629 VO
426 3594 475 3629 1..
505 3592 582 3635 110·
1177 3593 1222 3629 M
