2320 4030
640 261 920 314 rNsT1T.
957 262 1297 314 ORATOR.
1335 254 1477 314 Lrss.
1508 262 1567 314 X.
1606 279 1651 314 2.
1907 275 2001 333 197

222 397 382 453 8sole
424 395 675 466 fecissent,
717 400 1186 454 circumscriberet.
1259 400 1343 452 Ac
1384 400 1416 452 fi
1458 402 1637 453 omnia
1675 403 1997 472 percenseaS,

270 469 421 523 ¹nulla
460 472 520 524 fit
553 490 654 536 ατε,
682 472 851 542 qualis
884 472 1097 525 inventa
1134 472 1222 537 est,
1250 489 1349 524 nec
1387 471 1526 523 intra
1562 471 1774 525 initium
1816 475 1955 529 stetit
1976 497 1992 530 ε

272 541 366 593 nifi
395 542 529 596 forte
554 543 719 595 nostra
745 543 1064 614 potiffimum
1102 554 1344 613 tempora
1377 541 1692 596 damnamus
1721 543 1880 615 hujus
1906 546 1992 599 in*-

272 610 563 678 felicitatis,
590 624 652 666 ut
691 632 833 666 nunc
872 613 1089 666 demum
1133 611 1269 665 nihil
1311 613 1525 667 crescat.
1596 612 1753 666 Nihil
1789 616 1932 669 enim
1957 627 1992 651 ¹¹¹

219 682 458 752 9·crescit
481 684 586 736 sola
607 683 927 737 imitatione.
991 683 1155 737 Quod
1181 684 1214 754 fi
1239 682 1501 755 prioribus
1525 683 1752 756 adjicere
1776 684 1856 739 fas
1883 705 1992 740 non

271 754 363 819 est,
413 754 688 827 quomodo
734 754 935 836 sperare
974 754 1239 825 possumus
1265 763 1286 786 ¹¹
1326 753 1480 808 illum
1540 764 1803 808 oratorem
1864 775 1989 828 per-

269 822 509 878 feetum?
550 843 676 878 cum
694 835 716 858 ⁰
752 843 807 877 m
832 825 919 891 iis,
945 843 1080 896 quos
1111 825 1372 878 maximos
1396 825 1573 879 adhuc
1596 825 1861 893 novimuS,
1888 846 1988 881 ne-

264 903 361 948 'mo
399 896 459 948 fit
500 896 766 963 inventuS,
793 896 847 948 in
886 914 992 967 quo
1028 895 1164 947 nihil
1193 906 1286 948 aut
1320 895 1656 963 defideretur,
1682 906 1776 950 aut
1805 916 1986 970 repre-

259 965 550 1038 hendatur.
626 967 732 1020 Sed
754 967 914 1020 etiam
941 967 1035 1039 qui
1061 968 1264 1019 summa
1281 976 1304 1008 Ρ
1328 985 1435 1020 non
1460 976 1733 1039 appetunt,
1758 980 1987 1022 conten-

180 1035 393 1091 10*dere
415 1033 611 1109 potiu's,
635 1057 797 1111 quam
823 1039 966 1109 sequi
983 1038 1206 1091 debent.
1276 1039 1425 1092 'Nam
1458 1054 1576 1092 om
1604 1038 1735 1112 agit,
1762 1049 1824 1092 ut
1846 1040 1989 1112 prior

267 1107 348 1176 fit,
372 1107 585 1162 forfitan
623 1109 804 1175 etiam,
832 1109 865 1162 fi
905 1127 1013 1161 non
1045 1109 1318 1174 transierit,
1357 1108 1608 1181 aequabit.
1681 1111 1825 1164 Eum
1859 1127 1987 1165 vero

262 1190 427 1234 nemo
451 1181 618 1253 potest
642 1200 685 1234 ae
725 1199 866 1246 uare,
893 1179 1048 1252 cujus
1072 1179 1301 1250 vestigiis
1325 1179 1418 1234 fibi
1441 1180 1627 1251 utique
1650 1179 1988 1236 insistendum

261 1261 433 1322 putat.
505 1252 658 1305 Nece
699 1271 728 1304 e
763 1253 835 1304 est
869 1251 1036 1315 enim,
1061 1251 1266 1322 semper
1298 1250 1361 1303 fit
1390 1251 1659 1322 posterior,
1682 1252 1777 1323 qui
1806 1252 1984 1325 sequi-

259 1331 370 1376 tur.
441 1321 603 1376 Adde
626 1322 772 1395 quod
795 1322 1107 1394 plerumque
1131 1320 1341 1374 facilius
1366 1322 1438 1374 est
1461 1321 1581 1393 plus
1605 1320 1797 1386 facere,
1821 1343 1984 1395 quarn

254 1390 427 1454 idem.
497 1395 727 1447 Tantam
771 1394 914 1446 enim
959 1391 1325 1445 difficultatem
1364 1392 1531 1446 habet
1570 1392 1877 1462 fimilitudo,
1921 1407 1986 1450 ut

254 1480 332 1517 ne
354 1464 462 1537 ipsa
495 1464 716 1536 quidem
752 1475 941 1516 natura
977 1463 1032 1515 in
1069 1463 1173 1515 hoc
1209 1464 1284 1515 ita
1318 1463 1573 1516 evaluerit
1588 1473 1631 1531 q,
1657 1474 1721 1518 ut
1748 1483 1854 1518 non
1878 1485 1982 1534 res,

257 1552 384 1607 quae
410 1534 688 1590 fimillimae
713 1534 991 1588 videantur
1010 1545 1047 1598 Γ,
1071 1533 1371 1587 discrimine
1394 1534 1576 1607 aliquo
1599 1534 1980 1593 discernantur.

162 1619 235 1675 ,Π
259 1605 420 1660 Adde
442 1606 588 1680 quod
612 1605 877 1689 quidquid
900 1605 1051 1659 alteri
1076 1605 1240 1658 fimile
1263 1606 1352 1671 est,
1379 1604 1579 1658 neceffe
1613 1606 1684 1659 est
1716 1607 1895 1661 minus
1921 1609 1984 1663 fit

259 1693 346 1744 ec,
371 1677 519 1750 quod
556 1678 811 1743 imitatur,
843 1694 927 1746 UT
966 1676 1155 1728 umbra
1188 1693 1424 1748 corpore,
1450 1686 1507 1729 et
1536 1676 1717 1749 imago
1742 1677 1898 1745 facie,
1925 1691 1983 1734 et

254 1747 409 1802 assus
448 1748 760 1803 histrionum
794 1747 939 1801 'veris
980 1747 1276 1801 affectibus·
1350 1747 1516 1800 Quod
1556 1747 1613 1800 in
1651 1748 1984 1805 orationibus

256 1836 474 1892 quoque
508 1820 705 1874 evenit.
778 1821 1032 1891 Namque
1066 1817 1152 1884 iis,
1179 1836 1301 1890 quae
1336 1817 1392 1870 in
1428 1818 1734 1890 exemplum
1768 1821 1982 1874 affumi-

252 1907 399 1957 muS,
431 1891 599 1945 subest
643 1902 849 1956 natura,
875 1901 930 1944 et
971 1907 1096 1943 vera
1137 1888 1256 1942 vis:
1312 1899 1498 1943 contra
1534 1890 1710 1943 omnis
1746 1890 1982 1961 imitatio

166 1974 236 2019 12
251 1960 379 2016 fieta
398 1963 490 2028 est,
514 1972 571 2016 et
592 1962 660 2016 ad
683 1962 919 2015 alienum
943 1960 1260 2033 propositum
1286 1960 1742 2015 accommodatur.
1816 1964 1980 2018 Quo⁸

253 2032 334 2098 fit,
359 2043 423 2087 ut
445 2033 625 2088 minus
661 2031 930 2105 sanguinis
955 2050 1016 2085 ac
1046 2031 1236 2084 virium
1252 2088 1255 2089 ⁷
1274 2030 1690 2091 declamationes
1724 2032 1977 2103 habeant,

251 2122 414 2175 quam
439 2105 738 2158 orationes:
777 2103 924 2175 quod
949 2104 1003 2155 in
1030 2102 1134 2156 illis
1170 2120 1308 2169 vera,
1334 2101 1388 2154 in
1425 2101 1511 2157 his
1547 2103 1833 2158 affimulata
1855 2125 1976 2160 ma-

163 2228 166 2230 .
251 2175 384 2228 teria
407 2177 498 2230 est.
569 2175 730 2230 Adde
766 2174 913 2247 quod
947 2192 1028 2241 ea,
1053 2193 1175 2246 quae
1210 2173 1267 2226 in
1302 2180 1540 2227 oratore‘
1577 2175 1811 2228 maxima
1833 2176 1975 2244 sunt,

251 2245 535 2301 imitabilia
569 2265 676 2300 non
718 2246 859 2312 sunt,
891 2245 1162 2317 ingenium,
1197 2245 1416 2298 inventio
1437 2254 1479 2311 ¹¹,
1505 2245 1607 2312 υἷε,
1633 2246 1893 2317 facilitas,
1920 2261 1977 2303 et

166 2331 229 2388 13
253 2317 379 2389 quid
420 2318 512 2371 uid
535 2329 645 2372 arte
669 2336 777 2371 non
802 2317 1042 2370 traditur.
1117 2315 1355 2388 Ideoque
1377 2315 1637 2388 plerique,
1664 2335 1786 2370 cum
1815 2320 1976 2374 verba

292 2407 372 2442 uae
413 2406 497 2442 am
522 2407 590 2442 ex
616 2389 943 2443 orationibus
967 2387 1353 2459 excerpserunt,
1378 2398 1474 2440 aut
1507 2387 1714 2459 aliquos
1749 2407 1971 2462 compo-

251 2407 451 2517 Ztionis
477 2469 647 2514 certos
670 2459 852 2535 pedeS,
875 2459 1010 2513 mire
1033 2478 1064 2512 a
1087 2458 1158 2525 se,
1183 2476 1305 2533 quae
1328 2457 1593 2531 legerunt,
1619 2459 1802 2532 effingi
1826 2462 1971 2516 arbi-

306 2632 339 2655 m
370 2637 523 2671 autem.
648 2635 670 2657 ¹³
701 2630 890 2682 poffimus
907 2630 1042 2671 ullum
1060 2630 1113 2670 id.
1247 2634 1266 2654 ⁰
1298 2642 1396 2670 cum
1414 2631 1458 2670 in
1475 2632 1524 2672 iis
1540 2646 1610 2672 om.
1629 2632 1683 2672 G.
1815 2638 1837 2667 Ρ
1862 2633 1971 2674 sum-

250 2692 367 2724 mam
384 2685 437 2724 G.
454 2684 561 2726 Jens.
667 2691 686 2717 ⁹
718 2685 1006 2726 valuerit-lens.
1136 2689 1151 2707 Γ
1180 2684 1365 2723 videntur
1383 2685 1435 2725 G.
1542 2693 1545 2699 ’
1562 2691 1577 2712 ⁸
1607 2686 1716 2743 quod
1732 2686 1838 2727 Jens.
1858 2689 1969 2731 male.

251 2742 266 2764 ἲ
295 2738 473 2779 oratione
492 2738 546 2779 id.
655 2743 675 2764 ⁸¹
708 2739 930 2779 inventioni
949 2739 1025 2778 fac.
1044 2739 1095 2778 G.
1124 2738 1375 2779 inventiones
1388 2739 1497 2781 Jens.

249 2876 414 2929 beatur,
434 2892 513 2921 non
534 2877 738 2921 convenit.
760 2875 845 2919 vid.
867 2875 976 2919 Plin.
1001 2877 1062 2919 H.
1150 2890 1221 2927 10,
1243 2891 1287 2928 2,
1310 2879 1384 2920 28.

250 2935 311 2978 N.
347 2950 417 2990 35,
442 2951 483 2989 3,
512 2936 545 2979 s.
587 2950 630 2990 5.
662 2935 835 2978 Athena
868 2966 880 2976 .
912 2936 1063 2991 Legat.
1194 2932 1961 2992 10.res—fimillimae-difi-ernantur]

249 3007 328 3052 pro
345 2993 564 3038 Christian.
586 3009 631 3050 p.
657 3009 726 3049 59.
749 2993 835 3035 Dec
867 2993 942 3034 air.
966 2993 1048 3034 &c.
1145 2993 1315 3036 Viveres
1344 2993 1482 3043 hodie,
1500 2994 1623 3044 Fabi,
1643 2994 1801 3036 videres
1820 2994 1964 3037 Philo-

324 3068 370 3108 9.
416 3050 530 3094 illum
573 3060 775 3094 oratorem
813 3050 1060 3106 perfefflum]
1144 3050 1185 3093 so
1216 3050 1291 3093 hos
1323 3050 1424 3093 serio
1456 3049 1533 3092 hoc
1566 3050 1851 3102 demonstrare,
1881 3067 1964 3096 non

250 3108 387 3170 Qem
422 3108 620 3156 dostrinae
658 3108 779 3151 causa
814 3122 896 3150 non
927 3107 1063 3149 defor-
1096 3139 1101 3145 .
1144 3124 1163 3152 e
1196 3123 1218 3151 e
1248 3109 1334 3150 duo
1368 3109 1409 3151 in
1437 3121 1574 3151 rerum
1602 3118 1749 3150 natura
1777 3109 1894 3166 plane
1912 3110 1962 3153 si-

248 3175 367 3210 mant
384 3167 523 3218 modo,
543 3166 609 3210 sed
636 3167 796 3209 existere
815 3167 938 3208 etiam
958 3165 1062 3223 posse
1143 3165 1275 3217 milia,
1290 3165 1369 3216 vel,
1388 3174 1437 3208 ut
1456 3165 1685 3222 loquuntur
1702 3167 1783 3209 viri
1802 3182 1869 3209 ma
1901 3168 1964 3220 ni,

249 3223 486 3283 aliquando,
514 3225 634 3269 bonae
662 3224 743 3282 spei
772 3223 891 3266 causa
915 3225 1062 3265 docent
1141 3223 1474 3274 indiscernibilia,
1494 3223 1740 3282 (indiscrctae
1767 3239 1830 3266 res
1885 3226 1963 3269 mi-

246 3282 445 3326 rhetores.
495 3283 590 3325 Hoc
616 3297 721 3340 opus
739 3282 950 3324 Ciceronis
970 3290 1061 3323 tum
1141 3281 1323 3325 litudinis
1338 3281 1446 3325 dixit
1475 3281 1662 3338 Plinius)
1683 3291 1723 3323 et
1743 3282 1821 3324 hoc
1841 3283 1868 3326 fi
1887 3284 1963 3326 ad-

244 3339 294 3382 in
323 3340 459 3383 tribus
486 3340 538 3390 de
556 3343 729 3382 Oratore
757 3339 891 3389 libris,
910 3349 1000 3381 tum
1020 3340 1064 3381 in
1142 3339 1303 3384 missum
1337 3338 1399 3389 fit,
1449 3337 1541 3382 lura
1567 3348 1607 3382 et
1636 3339 1817 3381 maxima
1846 3355 1961 3397 quae-

246 3410 314 3448 eo,
334 3397 407 3456 qui
427 3397 658 3456 simpliciter
674 3399 829 3440 Orator
847 3396 1064 3455 inscriptus
1143 3399 1240 3440 dam
1260 3396 1353 3441 inde
1369 3411 1392 3439 e
1437 3410 1541 3440 cere.
1585 3397 1657 3438 Sed
1680 3396 1782 3439 nihil
1803 3397 1875 3441 sub
1897 3399 1961 3441 so-

167 3456 193 3478 ⁴
246 3454 322 3497 est.
380 3457 474 3499 Hoc
519 3457 643 3499 etiam
680 3455 810 3498 noster
847 3455 937 3513 agit
976 3461 1064 3496 toto
1145 3457 1182 3500 le
1200 3468 1382 3501 novum:
1413 3463 1453 3498 et
1472 3467 1546 3499 nos
1566 3454 1642 3499 hoc
1663 3468 1743 3497 non
1763 3459 1945 3516 agimuS.

248 3525 385 3571 opere.
418 3512 724 3572 Vidsprooem.
759 3513 791 3556 s.
823 3514 868 3566 6,
895 3522 935 3556 et
968 3525 1064 3555 mox

1164 3585 1252 3640 03
