2320 4030
591 425 873 475 INSTIT.
908 423 1246 475 ORATOR.
1283 405 1422 474 ΠΒ.
1458 405 1546 475 1x'.
1584 442 1632 476 2.
1877 444 1963 478 101

244 561 444 629 Gallio,
497 563 670 630 Dura,
721 563 901 626 anime,
950 562 1091 615 hodie
1114 570 1158 628 ¹²,
1207 562 1339 613 dura
1361 582 1378 613 .·
1443 562 1549 614 heri
1575 542 1768 632 fhrtz'or
1794 564 1967 635 fuisti.

154 633 497 703 92Confinia
533 635 653 687 sunt
689 633 776 686 his
817 632 1085 687 celebrata
1121 632 1264 703 apud
1303 633 1523 686 Graecos
1554 633 1841 699 schemata,
1875 655 1969 706 per

179 736 182 741 -
241 720 366 775 quae
403 723 486 759 res
525 703 722 775 asperas
758 703 974 756 mollius
1012 703 1328 776 significant.
1401 704 1545 756 Nam
1583 704 1970 761 Themistocles

241 775 440 829 suafiffe
464 775 790 828 existimatur
811 774 1244 840 AthenienfibUS,
1271 783 1334 826 ut
1357 774 1527 826 urbem
1561 777 1700 846 apud
1731 777 1840 829 deos
1875 779 1965 830 de-

239 843 472 917 ponerent
491 867 508 898 .-
544 846 671 917 quia
691 845 883 898 durum
910 855 1023 898 erat
1053 843 1248 911 dicere,
1275 855 1332 897 ut
1364 846 1491 898 relin
1527 857 1697 898 nerent
1715 867 1733 899 .·
1771 858 1843 913 et,
1909 848 1968 902 ui

243 916 509 970 ViEtorias
533 935 716 971 aureas
743 916 799 970 in
830 915 981 968 usum
1007 916 1138 968 belli
1171 916 1387 969 conflari
1427 934 1493 970 vo
1515 917 1658 981 ebat,
1685 919 1760 970 ita
1797 919 1895 972 dec
1920 921 1967 971 i-

236 987 408 1054 navit,
436 987 657 1041 vidoriis
692 988 926 1041 utendum
962 987 1068 1058 ff·
1140 988 1346 1040 Totum
1385 997 1566 1040 autem
1599 988 1865 1064 allegoriae
1904 992 1970 1043 fi*-

153 1067 220 1129 '93
243 1058 373 1111 mile
421 1061 512 1123 est,
552 1059 696 1112 aliud
745 1057 940 1122 dicere,
980 1057 1125 1111 aliud
1168 1057 1399 1130 intelligi¹
1438 1059 1594 1112 velle.

1671 1061 1970 1115 Quaefitum

240 1130 403 1182 ‘etiam
432 1132 522 1196 est,
549 1128 825 1202 quomodo
859 1129 1158 1212 responderi
1194 1140 1381 1209 contra
1404 1129 1600 1202 figuras
1631 1143 1901 1203 oporteret
1923 1136 1969 1186 Χ

235 1202 322 1254 -Et
341 1200 556 1272 quidam
583 1202 784 1272 semper
807 1219 872 1253 ex
897 1200 1100 1253 diverso
1132 1199 1440 1271 aperiendas
1475 1212 1812 1271 putaverunt,
1840 1205 1972 1262 ficut

237 1270 465 1326 latentia
488 1273 616 1325 vitia
639 1271 1024 1326 rescinduntur.

1099 1272 1272 1343 quue
1295 1271 1418 1324 sane
1447 1270 1861 1344 frequentiffime
1886 1275 1969 1328 fa-

243 1342 497 1396 ciendum
537 1345 640 1397 est:
679 1343 834 1396 aliter
871 1343 1014 1395 enim
1050 1341 1187 1394 dilui
1223 1340 1434 1414 objecta
1457 1361 1563 1394 non
1601 1345 1827 1414 poffunt,
1854 1347 1968 1400 uti-

243 1425 354 1486 que
377 1433 499 1468 cum
527 1414 747 1487 quaestio
770 1414 826 1465 in
852 1431 918 1466 eo
951 1414 1195 1479 consistit,
1221 1412 1367 1485 quod
1392 1413 1580 1487 figurae
1605 1426 1815 1485 petunt.
1890 1419 1971 1471 At

240 1503 371 1538 cum
415 1485 701 1540 maledie-'ta
738 1484 862 1538 ‘sunt
903 1494 1148 1549 tantum,
1174 1494 1230 1555 et
1267 1503 1374 1536 non
1415 1484 1717 1557 intelligere
1756 1487 1971 1542 interim

153 1572 225 1628 94
242 1557 401 1610 b‘onae
441 1556 774 1611 conscientiae
812 1557 903 1609 est.
977 1557 1164 1626 Atque
1207 1555 1368 1608 etiam
1407 1573 1532 1608 cum
1554 1566 1578 1588 ²
1618 1556 1818 1611 fuerint
1852 1578 1969 1613 cre-

243 1627 444 1682 briores
483 1628 688 1700 figurae,
714 1646 873 1711 quam
918 1635 981 1679 ut
1019 1626 1324 1680 diffimulari
1367 1626 1574 1698 poffint,
1599 1629 1971 1698 postulandum

242 1698 336 1765 est,
361 1710 426 1752 ut
447 1699 584 1752 illud
609 1699 783 1752 nescio
818 1698 971 1771 quid,
998 1697 1144 1770 quod
1181 1697 1452 1750 adversarii
1488 1698 1723 1770 obliquis
1761 1699 1971 1755 senten-'-

243 1769 336 1824 tiis
377 1770 667 1843 significare
703 1769 985 1836 voluerint,
1023 1769 1058 1822 fi
1102 1768 1299 1822 fiducia
1338 1769 1418 1836 fit,
1453 1768 1714 1841 ‘objiciant
1755 1773 1969 1843 palam:

245 1851 340 1895 aut
362 1853 506 1895 certe
531 1861 638 1895 non
666 1838 906 1914 exigant,
929 1851 993 1893 ut
1011 1853 1048 1905 ³,
1077 1840 1224 1912 quod
1259 1840 1348 1911 ipfi
1388 1858 1497 1893 non
1535 1841 1735 1895 audent
1771 1843 1971 1912 dicere,

151 1925 220 1986 9'5
239 1913 302 1966 id
316 1912 531 1987 judices
555 1932 661 1966 non
689 1912 853 1966 modo
878 1911 1046 1965 intelli

1089 1922 1200 1978 ant,
1227 1910 1313 1964 sed
1337 1911 1500 1964 etiam
1528 1913 1766 1966 credant.
1843 1916 1971 1969 Uti-

1047 1931 1089 2036 i

243 1983 314 2037 lis
336 1984 496 2038 etiarn
527 1983 814 2057 aliquando
839 1983 1045 2036 diffimu
1070 1983 1178 2036 atio
1213 1983 1304 2048 est,
1330 1992 1395 2036 ut
1431 1983 1497 2034 in'
1524 2001 1609 2048 ec,
1643 1987 1794 2054 (nota
1827 1987 1975 2041 enim

243 2054 428 2109 fabula
453 2057 546 2124 est)
589 2056 705 2129 qui,
732 2074 856 2108 cum
899 2054 1023 2108 esset
1063 2062 1251 2108 contra
1291 2071 1414 2107 eum
1461 2053 1688 2122 dictum,
1717 2056 1852 2110 Jura
1921 2079 1974 2110 er

238 2127 482 2202 patronib
522 2123 599 2180 tui
637 2127 839 2194 cineres,
864 2138 1104 2198 paratum
1142 2125 1195 2178 se
1232 2125 1332 2178 effe
1367 2123 1671 2197 respondit:
1693 2130 1768 2180 ''et
1799 2070 1974 2201 jucsex

297 2289 318 2314 ὓ
347 2297 416 2325 om.
435 2284 488 2324 G.
622 2290 645 2314 x
662 2289 827 2336 oportet
844 2282 951 2322 Jens.

242 2334 263 2362 ¹*
294 2339 418 2389 patris
434 2347 496 2391 ap.
517 2337 707 2387 Senecam,
727 2338 828 2390 etstc
850 2337 942 2377 Obr.

241 2452 422 2515 rhetora,
444 2462 572 2521 iisque
606 2461 699 2521 ipsis
732 2461 923 2506 vacillare
953 2461 990 2520 se
1024 2470 1066 2506 et

243 2519 383 2564 labare
430 2520 650 2578 fignificat.
704 2520 923 2564 Caeterum
975 2519 1065 2564 haec

243 2578 395 2636 species
421 2579 625 2622 tractatur
652 2579 693 2622 in
724 2579 884 2622 Senecae
914 2579 1062 2621 Contr.

246 2652 290 2688 ι,
315 2653 386 2682 xx.
409 2648 449 2680 et
476 2639 583 2680 Exc.
607 2637 756 2680 contr.
779 2653 823 2686 2,
846 2652 888 2690 3.

303 2711 378 2751 92.
420 2694 612 2738 vilioriis
658 2695 870 2748 utendum]
924 2694 1066 2738 Simile

244 2753 466 2803 Christiani
496 2752 796 2797 Brunsvicenfis
826 2752 955 2805 dicto,
987 2755 1063 2810 qui

243 2809 460 2870 argenteas
488 2811 802 2869 Apostolorum,
838 2826 944 2868 quas
981 2811 1065 2855 Pa-

243 2869 456 2914 derbornae
483 2869 630 2912 nactus
658 2881 761 2919 erat,
781 2868 935 2911 statuas
968 2883 1065 2912 cum

245 2927 287 2973 in
307 2941 515 2972 monetam
545 2925 642 2974 ferri
664 2929 844 2982 juberet,
865 2929 1065 2971 rationem

243 2985 435 3040 subjecit,
469 2986 533 3029 ire
554 2984 676 3042 juffos
708 2999 738 3026 a
770 2984 960 3043 magistro
987 2988 1066 3043 fico

244 3043 435 3102 qustolos
455 3050 536 3101 pet
561 3051 773 3087 terrarum
801 3042 950 3085 orbem.
1013 3044 1066 3086 In

243 3103 370 3144 verbo
388 3103 532 3159 itaque
557 3099 789 3144 declinavit
817 3100 1003 3158 intelligo
1022 3115 1063 3143 o-

243 3159 442 3202 rationem
463 3162 619 3204 retiam
636 3167 677 3201 et
689 3157 925 3217 fimplicem,
944 3169 994 3202 ut
1014 3159 1064 3203 fi-

243 3217 500 3278 gurafieret.

305 3284 333 3332 9.
338 3290 378 3331 5.
408 3283 507 3318 nota
523 3273 630 3318 enim
649 3258 809 3330 fabula
837 3273 910 3332 ψ]
942 3266 1075 3317 Tum*

243 3344 347 3375 erat.
379 3334 469 3377 Nos
488 3348 576 3376 eam
598 3333 894 3391 ignoraremus,
915 3331 1066 3388 absque

244 3393 394 3434 Seneca
413 3390 439 3433 fi
469 3389 577 3433 esset.
627 3391 902 3449 Apponemus
922 3390 1064 3442 verba,

241 3464 295 3491 ne
321 3463 428 3506 opus
459 3448 506 3496 fit
534 3448 712 3494 Fabium
740 3448 905 3511 interim
937 3447 1065 3505 depo-

241 3521 365 3550 nere:
412 3507 614 3549 Controv.
656 3520 695 3560 3.
735 3507 857 3564 ,praelz
899 3521 941 3562 p.
981 3520 1076 3559 ¹71.

240 3564 384 3607 Elzev.
421 3574 557 3606 narrat
587 3563 638 3606 de
671 3562 873 3614 Albutio,
894 3563 943 3605 In
965 3576 1062 3622 quo-

239 3622 336 3664 dam
362 3621 516 3677 judicio
550 3619 845 3663 centumvirali
851 3620 1062 3664 ——Placet

236 3679 382 3745 inquit,
405 3681 484 3723 tibi
518 3694 602 3724 rem
632 3680 896 3735 jurejurando
931 3679 1061 3722 trans-

1087 2287 1106 2308 Χ
1140 2281 1167 2322 fi
1187 2256 1238 2323 G.
1257 2282 1361 2322 Jens.

1493 2286 1513 2312 ⁸
1542 2282 1808 2323 ut-credant
1826 2298 1895 2323 om.
1917 2285 1973 2326 G.

1147 2463 1240 2521 igi?
1265 2462 1379 2517 jura,
1400 2461 1465 2505 sed
1485 2477 1564 2520 ego
1585 2461 1877 2517 jusjurandum
1898 2464 1974 2508 da-

1146 2522 1202 2564 bo
1220 2540 1230 2564 :
1257 2522 1352 2576 jura
1373 2536 1444 2578 per
1464 2521 1596 2580 patris
1616 2522 1789 2572 cineres,
1810 2523 1884 2579 qui
1910 2524 1977 2566 in-

1145 2579 1304 2622 conditi
1336 2579 1458 2622 sunt=
1486 2580 1582 2633 jura
1614 2592 1689 2636 per
1722 2581 1854 2637 patris
1887 2595 1977 2623 me-

1144 2638 1338 2680 moriam.
1390 2636 1447 2680 Et
1484 2637 1694 2694 exsecutus
1731 2636 1784 2695 est
1815 2637 1941 2681 locum
1960 2658 1972 2682 =

1145 2709 1220 2752 quo
1248 2694 1430 2752 perfello
1448 2693 1643 2753 surrexit
1668 2694 1894 2738 Arruntius
1919 2712 1976 2740 ex

1145 2753 1309 2811 diversa
1346 2761 1387 2796 et
1425 2754 1506 2802 ait,
1542 2752 1795 2809 Accipimus
1831 2756 1977 2798 condi-

1147 2812 1319 2862 tionem,
1358 2811 1537 2865 jurabit.
1593 2809 1813 2853 Clamabat
1849 2812 1977 2855 Albu-

1146 2869 1254 2911 tius:
1286 2870 1381 2912 Non
1401 2869 1530 2911 detuli
1552 2868 1844 2918 conditionem,
1864 2869 1971 2912 sche-

1146 2942 1216 2970 ma
1250 2927 1356 2970 dixi.
1419 2925 1643 2970 Arruntius
1674 2924 1869 2983 instabat,
1902 2928 1975 2972 Al.

1146 2983 1282 3027 butius
1299 2984 1536 3029 clamabat.-
1571 2984 1653 3026 Ista
1683 2985 1842 3026 ratione
1862 2986 1979 3029 sche'..

1147 3052 1262 3085 mata
1299 3043 1350 3085 de
1389 3057 1526 3084 rerum
1563 3043 1713 3084 natura
1753 3041 1976 3091 tolluntur.

1147 3100 1372 3144 Arruntius
1400 3099 1559 3150 aiebat,
1590 3098 1834 3151 Tollantur,
1860 3113 1977 3160 pote-

1147 3159 1278 3202 rimus
1299 3158 1376 3200 sme
1398 3157 1483 3201 illis
1513 3158 1665 3201 vivere.
1718 3159 1886 3201 Summa
1914 3159 1979 3215 rei

1145 3215 1233 3258 haec
1267 3216 1361 3272 fuit
1381 3234 1394 3260 ε
1450 3213 1715 3260 Centumviri
1761 3215 1976 3269 dixerunt,

1145 3274 1243 3316 dare
1282 3274 1391 3332 ipsos
1440 3272 1659 3316 secundum
1699 3273 1978 3321 adversarium

1146 3331 1342 3381 Albutii,
1374 3329 1403 3374 fi
1435 3332 1592 3386 juraret
1630 3330 1713 3373 ille.
1765 3331 1974 3384 Juravit.

1146 3388 1334 3433 Albutius
1361 3404 1438 3432 non
1460 3387 1553 3432 tulit
1571 3387 1676 3431 hanc
1694 3389 1976 3434 contumeliam

1145 3460 1411 3504 —nunquam
1431 3445 1604 3503 amplius
1623 3445 1666 3488 in
1673 3444 1771 3500 foro
1788 3446 1978 3503 dixit-*²

1146 3506 1233 3547 Hoc
1251 3503 1482 3559 deleHabat
1496 3503 1627 3562 ‘iffum
1646 3503 1689 3546 in
1714 3502 1978 3557 declamatio-

1147 3561 1279 3612 nibus,
1318 3563 1424 3620 quod
1439 3545 1657 3626 fifftmata
1678 3559 1767 3620 stne
1797 3563 1979 3629 pericula

1142 3620 1404 3664 dicebantur.
1430 3624 1431 3627 ’
1972 3623 1974 3625 ’

1160 3750 1252 3808 ³3
