2320 4030
627 344 912 398 INSTIT.
947 343 1285 394 ORATOR.
1321 343 1460 393 LIB.
1494 345 1614 394 XII.
1653 358 1699 397 1.

1832 348 1833 353 ¹
1907 359 2009 414 305

268 486 411 548 'cereg
446 481 659 555 aliquid
707 483 760 535 in
811 483 931 547 bae,
977 500 1097 553 quae
1146 481 1389 551 superest,
1436 481 1729 534 aeternitate
1776 481 2002 537 inveniri

179 568 250 613 22
270 555 540 637 poffezeo,
605 553 710 607 uod
751 553 931 615 fuerit,
958 552 1274 624 perfefiius?
1305 552 1561 603 'Transeo
1598 552 1738 617 illos,
1765 554 1859 624 qui
1902 555 1999 608 Ci-

270 644 450 679 ceronl
488 644 549 679 ac

635 626 926 678 emostheni
963 643 1030 676 ne
1069 624 1122 675 in
1161 622 1489 704 eloquentia·
1539 622 1718 676 uidem
1756 624 1875 676 satis
1900 624 1996 678 tri-

267 697 480 752 buunt:
521 714 679 768 quarn
724 715 847 749 uam
884 713 1058 766 neque
1095 693 1184 765 iqpfi
1222 693 1482 746 Ciceroni:
1554 695 1889 761 qemosthenes
1914 696 1997 747 vi-

267 768 454 830 deatur
479 768 597 821 satis
623 770 658 820 ⁴e
700 787 729 819 e
760 765 1044 837 perfe&uS,
1073 783 1253 836 quem·
1274 762 1538 817 dormitare
1572 765 1784 817 interim
1824 765 1955 820 dicit
1979 787 1995 831 ;

267 857 369 893 nec
410 839 600 893 Cicero
638 840 805 892 Bruto
844 837 1136 908 Calvoque,
1163 835 1256 907 qui
1292 848 1436 889 certe
1469 836 1898 906 compositionem
1935 836 1999 890 il-

266 909 372 963 lius
409 910 569 964 etiam
596 909 737 980 apud
764 909 932 980 ipsum
959 907 1391 980 reprehendunt3
1432 925 1529 960 nec
1548 907 1995 980 Afinioutrique,

266 980 361 1052 qui
390 981 516 1035 vitia
540 980 794 1034 orationis
819 978 930 1052 ejus
956 980 1116 1032 etiarn
1143 978 1360 1031 inimice
1395 978 1636 1049 pluribus
1666 979 1720 1031 in
1756 979 1890 1032 locis
1916 979 2000 1033 in-

175 1066 242 1125 23
266 1053 558 1134 sequuntur
581 1052 617 1105 f.
693 1050 1066 1105 Concedamus
1127 1049 1246 1102 sane
1310 1049 1482 1122 (quod
1539 1049 1762 1103 minime
1811 1062 1997 1104 natura

265 1125 515 1194 patiatur)
564 1134 830 1194 repertum
882 1122 982 1176 effe
1027 1121 1262 1192 aliquem
1312 1119 1517 1177 malum
1553 1121 1744 1188 virum,
1790 1120 1995 1175 summe

265 1193 517 1249 disertum
543 1217 556 1246 z

614 1193 782 1246 nihilo
826 1203 1008 1247 tamen
1053 1192 1230 1244 minus
1278 1203 1542 1244 oratorem
1591 1210 1716 1245 eum
1767 1212 1832 1245 ne

1904 1193 1994 1247 bo·

265 1266 412 1319 Nam
442 1284 541 1321 nec
572 1265 841 1330 omnibuS,
870 1265 964 1336 qui
1000 1263 1236 1317 fuerint&
1270 1281 1432 1315 manu
1456 1263 1680 1334 promti,
1707 1264 1807 1317 viri
1866 1265 1995 1317 ortis

267 1352 465 1390 nomen
501 1334 860 1402 concesserim,
877 1335 1011 1411 ‘quia'
1050 1335 1155 1387 fine
1191 1334 1386 1387 virtute
1423 1333 1657 1406 intelligi
1694 1353 1800 1387 non
1828 1337 1997 1405 potest

176 1425 248 1478 24
268 1406 544 1461 fortitudo.
617 1407 705 1460 An
744 1407 812 1473 ei,
837 1408 929 1479 qui
965 1406 1032 1460 ad
1067 1405 1423 1458 defendendas
1458 1405 1652 1458 cauffas
1688 1406 1995 1472 advocatur,

262 1497 375 1534 non
398 1480 468 1532 est
491 1498 626 1551 opus
651 1479 773 1544 fide,
797 1484 957 1550 quam
984 1495 1081 1537 nec
1112 1476 1376 1547 cupiditas
1401 1488 1721 1547 corrumpat,
1747 1495 1846 1530 nec
1870 1497 1995 1549 gra-

266 1549 343 1604 tia
376 1562 595 1616 avertat,
620 1569 719 1603 nec
753 1562 930 1603 metus
964 1549 1211 1621 frangat?
1257 1547 1344 1601 sed
1381 1547 1725 1619 proditorem,
1764 1548 1997 1602 transfu-

264 1639 413 1694 gam,
437 1621 886 1693 praevaricatorem
927 1620 1245 1673 donabimus
1279 1620 1503 1672 oratoris
1527 1619 1622 1672 illo
1646 1621 1787 1673 sacro
1820 1621 1999 1673 nomi-

266 1711 336 1762 ne
355 1695 373 1746 ?
406 1693 571 1752 Quod
588 1693 620 1747 fi
641 1692 999 1746 mediocribus
1017 1691 1178 1744 etiam
1204 1690 1437 1762 patronis
1456 1691 1704 1744 convenit
1722 1691 1856 1756 haec,
1873 1711 1996 1764 quae

266 1763 432 1837 vulgo
467 1765 684 1830 dicitur,
712 1764 934 1817 bonitas.-
987 1782 1082 1819 cur
1118 1781 1225 1814 non
1264 1772 1439 1814 orator
1473 1762 1583 1828 ille,
1628 1763 1722 1833 qui
1755 1763 1996 1816 nondum

266 1833 391 1918 fuit,
416 1835 507 1891 sed
531 1837 699 1910 potest
722 1835 842 1902 effe,
868 1845 978 1889 tarn
1005 1835 1066 1887 fit
1090 1834 1348 1900 moribUS,
1374 1847 1534 1904 quarn
1561 1834 1776 1888 dicendi
1801 1835 1997 1888 virtute

777 2001 797 2029 f
823 2004 981 2054 conseq.
996 2004 1018 2042 J
1022 2004 1104 2044 ens.

271 2195 281 2203 ,
329 2168 404 2202 21.
435 2153 479 2197 in
506 2153 584 2197 hac
609 2152 865 2207 aeternitate]
898 2153 994 2196 Non
1016 2153 1090 2194 ab·

267 2211 387 2256 ffir'de
420 2213 485 2255 ita‘
509 2213 786 2271 argumentari
821 2211 945 2255 licet:
994 2226 1091 2254 cum

266 2271 483 2316 observata
498 2271 574 2314 fint
600 2284 649 2313 ea
671 2272 917 2314 incrementa
937 2272 1091 2312 artium

266 2329 506 2375 succeffione
533 2329 789 2378 saeculorum,
811 2343 905 2384 quae
940 2329 1089 2386 praedi·

267 2403 357 2432 cere
377 2389 440 2435 vel
457 2389 676 2446 imaginari
690 2402 812 2429 nemo
828 2386 949 2434 facile
966 2387 1090 2443 taulus

265 2445 387 2500 effet3
416 2445 615 2490 ‘credibile
646 2445 716 2496 est,
746 2443 934 2487 suturam
963 2445 1091 2488 etiam

267 2501 435 2549 aetatem
483 2503 731 2559 adjeauram
759 2502 941 2560 ‘aliquid
990 2501 1088 2555 illis,

266 2578 365 2622 quae
385 2564 543 2606 summa
560 2577 669 2605 nunc
690 2571 904 2620 putantur.
943 2562 1090 2619 Qan-

263 2622 395 2680 'quam
443 2621 574 2665 causae
621 2621 875 2678 supervenire
913 2630 1105 2662 externae

246 2731 250 2734 q
266 2680 444 2739 poss‘unt,
463 2695 559 2738 quae
578 2679 697 2722 illum
711 2678 833 2736 ,quali
853 2677 1030 2736 gradum
1050 2689 1092 2722 et

266 2738 518 2797 progreffum
547 2738 790 2795 impediant,
809 2746 856 2779 ut
877 2751 919 2779 v.
941 2751 988 2794 g.
1019 2751 1090 2794 pe-

265 2799 392 2840 rierat
411 2812 462 2840 ex
479 2797 603 2839 rebus
630 2795 892 2852 eloquentia;
924 2804 965 2837 et
994 2794 1091 2837 licet

267 2856 321 2898 ad
339 2856 396 2899 a'li
427 2869 524 2898 uam
542 2854 746 2897 scribendi
766 2852 1008 2896 facultatem
1027 2868 1088 2895 re-

266 2913 384 2958 ditus
425 2915 540 2958 aetus
560 2912 630 2965 fit3
660 2911 809 2963 nesciO,
830 2925 883 2954 an
911 2926 974 2962 ea,
994 2925 1089 2969 quae

267 2974 431 3032 proprie
467 2981 644 3015 vocatur
675 2969 909 3027 eloquentia
945 2979 986 3012 et
1024 2972 1089 3013 vis

265 3031 447 3081 dicendi,
460 3045 518 3073 un
550 3044 645 3072 uam
665 3028 803 3071 locum
822 3029 938 3072 suum
960 3028 1088 3087 splen-

266 3089 407 3132 dorem
438 3105 489 3132 ue
536 3097 569 3131 lt
601 3098 913 3145 recuperatum:
948 3096 1091 3130 contra

267 3148 311 3191 in
333 3106 507 3207 phyiicis
526 3145 906 3204 mathematicisque
927 3147 1092 3188 artibus
1109 3151 1111 3154 ’

267 3205 339 3250 ille
362 3207 516 3263 gradus
537 3203 671 3248 faetus
691 3204 760 3254 est,
780 3214 828 3246 ut
849 3204 1092 3248 admiraturi

268 3264 360 3315 iint,
381 3264 409 3307 fi
439 3265 602 3307 redeant
632 3263 795 3320 antiqui
824 3262 885 3307 illi
905 3263 1092 3321 ingenio-

267 3321 401 3366 sissimi
438 3323 622 3365 homines
651 3321 733 3364 διε.
795 3322 919 3380 Qod
953 3330 1092 3364 autem

266 3379 543 3423 eternitatem
572 3379 728 3423 Fabius
757 3379 951 3438 appellat,
973 3394 998 3421 a
1029 3393 1091 3421 re-

268 3448 388 3496 cepta
426 3449 516 3480 tum
548 3437 744 3481 sentiendi
776 3440 882 3481 inter
919 3436 1092 3494 gentiles

269 3506 362 3540 tum
381 3496 574 3554 loquendi
594 3496 749 3539 ratione
766 3495 997 3554 profeaum
1015 3494 1086 3538 est.

310 3570 383 3598 22.
396 3553 971 3614 Demosthenes—dormitare]
986 3553 1086 3596 Vid.

268 3627 365 3671 quae
383 3626 598 3655 monemus
618 3611 796 3665 acl-1051
808 3642 822 3666 ,
838 3626 912 3668 24.
933 3613 1090 3657 Utrum

343 3686 491 3728 vol..
523 3686 601 3726 11.

1196 1992 1204 2000 ⁰
1213 2008 1233 2033 ⁸
1264 2004 1425 2042 fuerunt
1444 2005 1496 2044 G.

1173 2153 1297 2210 periit
1315 2152 1449 2204 locus,
1470 2151 1545 2194 ubi
1564 2151 1615 2194 de
1635 2151 1903 2196 Demosthene
1921 2153 1999 2198 hoc

1174 2212 1300 2254 verbo
1339 2212 1434 2257 usus
1475 2211 1560 2253 est?
1591 2211 1686 2252 'An
1717 2213 1897 2262 Fabius,
1951 2214 1999 2256 ui

1174 2267 1204 2311 l.
1229 2285 1268 2312 c.
1299 2269 1548 2312 dormitandi
1575 2270 1700 2310 verbo
1730 2285 1800 2326 per
1822 2229 1999 2314 occazo-

1173 2341 1266 2370 nem
1315 2329 1489 2370 Homeri
1528 2326 1626 2369 usus
1677 2327 1827 2379 fuerat,
1867 2343 1998 2386 eoque

1173 2385 1411 2443 complexus
1444 2385 1772 2437 Demosthenem,
1802 2389 1999 2430 memoria

1171 2443 1355 2486 labitur?

1233 2517 1304 2554 22.
1350 2501 1478 2544 Bruto
1512 2500 1745 2558 Calvoque]
1794 2502 1910 2546 Dial.
1945 2504 1998 2546 de

1174 2562 1315 2603 Oratt.
1352 2564 1422 2610 18,
1454 2559 1605 2617 Legisti
1626 2559 1762 2616 utique
1793 2569 1835 2603 et
1864 2562 1998 2606 Calvi

1171 2627 1213 2660 et
1230 2618 1353 2662 Bruti
1369 2619 1429 2660 ad
1447 2617 1684 2669 Ciceronem
1712 2617 1843 2675 miffl‘?
1861 2620 1923 2676 epi
1951 2635 1996 2663 0-

1171 2676 1250 2726 las,
1283 2692 1338 2720 ex
1364 2676 1505 2734 quibus
1524 2675 1659 2731 facile
1689 2675 1742 2734 cst
1778 2678 1899 2734 depre
1925 2693 1998 2722 en-

1173 2736 1284 2787 dere,
1317 2735 1508 2789 Calvum>
1525 2733 1682 2791 quidem
1713 2733 1894 2779 Ciceroni
1919 2736 1996 2780 vi-

1162 2795 1260 2852 stim
1277 2795 1521 2853 exsanguem
1534 2800 1580 2834 ‘et
1598 2791 1803 2843 attritum,
1820 2793 1998 2838 Brutum

1175 2860 1314 2895 autem
1360 2851 1518 2909 oticfitm
1555 2860 1680 2908 atque
1715 2850 1958 2908 diffundum
1978 2872 1994 2896 .-

1174 2912 1410 2970 rurfitmque
1443 2908 1668 2952 Ciceronem
1696 2924 1722 2950 a
1753 2909 1889 2955 Calvo
1907 2911 1999 2969 qui-

1173 2968 1265 3011 dem
1298 2967 1403 3012 male
1435 2966 1638 3024 audiviffe
1666 2975 1861 3024 tanquam
1880 2970 1996 3028 Jblu-

1175 3034 1262 3074 tum
1293 3036 1333 3070 et
1363 3040 1590 3078 enervem3
1622 3040 1651 3066 a
1682 3025 1809 3067 Bruto
1839 3036 1994 3080 autem,

1175 3080 1221 3129 ut
1237 3085 1353 3143 ipsius
1369 3083 1516 3128 verbis
1531 3091 1647 3134 utar,
1660 3083 1853 3139 fraelum
1872 3094 1996 3144 atque

1173 3143 1380 3187 elumbem.
1433 3141 1479 3186 Si
1506 3157 1570 3186 me
1595 3141 1830 3199 interroges,
1859 3158 1994 3188 omnes

1173 3202 1273 3246 mihi
1301 3203 1447 3260 (Aper
1465 3201 1892 3258 loquitur)rvidentur
1910 3218 1994 3245 ‘ve-

1173 3275 1267 3305 rum
1283 3259 1437 3318 dixzffl.
1469 3260 1588 3303 Add.
1617 3275 1685 3309 12,
1710 3274 1779 3309 10,
1806 3275 1875 3302 12.
1899 3262 1961 3318 sq.

1233 3335 1306 3362 22.
1338 3317 1466 3375 Afinio
1496 3317 1677 3376 utrique]
1709 3317 1830 3360 Patri
1859 3329 1900 3362 et
1938 3318 1991 3363 fi-

1173 3377 1248 3429 lio,
1285 3391 1464 3435 quorum
1503 3377 1570 3418 hic
1609 3376 1660 3418 de
1694 3377 1993 3432 comparatione

1166 3435 1305 3493 patris
1332 3444 1373 3478 et
1402 3432 1602 3478 Ciceronis
1618 3433 1740 3476 libros
1758 3435 1885 3477 edidit
1907 3436 1991 3478 lec-

1169 3504 1238 3536 tos
1265 3494 1404 3537 Plinio
1432 3492 1551 3549 epist.¹
1569 3507 1612 3544 7,
1632 3506 1679 3544 4,
1699 3505 1746 3544 4,
1765 3504 1807 3538 et
1834 3492 1993 3537 refuta-

1171 3561 1246 3594 tos.
1271 3567 1295 3595 a
1329 3552 1508 3595 Claudio
1542 3551 1653 3608 Imp.
1690 3549 1786 3594 teste
1820 3553 1989 3597 Sueten.

1171 3625 1211 3652 c.
1232 3624 1309 3664 41.
1339 3610 1460 3656 Add.
1479 3607 1594 3654 Gell.
1620 3623 1690 3661 17,
1717 3623 1758 3653 ι.

1170 3684 1214 3723 X
