2320 4030
637 311 918 362 INSTIT.
954 309 1289 362 ORATOR.
1322 310 1459 361 LIB.
1494 311 1608 361 XII.
1644 325 1693 361 2.
1907 314 2007 375 '311

181 473 200 490 .
267 457 391 504 mea
416 464 524 501 non
551 465 617 502 eo
641 449 892 521 pertinet,
919 458 981 502 nt
1005 448 1103 501 effe
1130 455 1391 500 oratorem
1417 445 1789 518 philosophum
1815 446 1999 514 velim,

269 520 484 589 quando
509 539 615 574 non
652 521 757 574 alia
781 522 903 573 vitae
940 520 1075 573 secla
1099 518 1315 589 longius
1339 536 1371 570 a
1405 517 1652 570 civilibus
1677 518 1886 582 officiiS‚
1911 532 1996 572 at-

217 601 245 658 7
271 609 376 660 que
401 591 466 644 ab
493 592 641 644 omni
665 610 887 645 munere
911 590 1135 643 oratoris
1159 588 1377 642 receffit.
1451 589 1592 640 Nam
1619 590 1738 657 quis
1762 589 1994 659 philoso-

265 661 494 730 phorum
529 671 623 715 aut
646 663 701 714 in
730 661 952 733 judiciis
988 658 1256 733 frequenS,
1283 669 1376 712 aut
1416 658 1587 711 clarus
1627 659 1682 710 in
1716 661 1994 713 concioni-

266 731 371 784 bus
409 731 548 785 fuit?
592 733 730 786 Quis
766 732 998 804 denique
1035 732 1090 784 in
1135 731 1258 800 ipsa,
1284 749 1443 801 quam
1484 729 1714 782 maxime
1754 731 1994 802 plerique

265 803 597 873 praecipiunt,
622 803 928 875 reipublicae
965 802 1409 856 administratione
1435 801 1663 853 versatus
1688 802 1757 853 est
1778 813 1799 844 ‘1
1825 804 1841 855 ?
1884 805 1993 856 At-

265 887 372 942 que
401 892 507 944 ego
537 874 712 939 illum,
740 892 901 946 quem
941 873 1154 926 instituo
1176 883 1214 938 ¹,
1242 874 1543 926 Romanum
1581 872 1868 942 quemdam
1896 893 1991 927 ve-

263 943 361 996 lim
395 944 495 997 ess'e
534 946 842 1015 sapientem,
878 945 974 1015 qui
1009 963 1116 998 non
1153 944 1364 997 secretis
1401 943 1866 1014 disputationibuS,
1903 945 1995 1000 sed.

263 1032 440 1068 rerum
483 1017 855 1087 experimentis
894 1027 1056 1087 atque
1092 1016 1361 1087 operibuS,
1401 1032 1519 1067 vere
1560 1014 1771 1068 civilem
1819 1016 1994 1070 virum

163 1135 181 1150 ,
209 1083 241 1137 8
265 1085 536 1140 exhibeat.
613 1088 718 1140 Sed
755 1088 880 1158 quia
912 1087 1114 1140 desert'a
1141 1087 1208 1139 ab
1232 1086 1318 1152 iis,
1345 1085 1440 1156 qui
1465 1085 1515 1138 se
1539 1085 1606 1137 ad
1629 1086 1993 1157 eloquentiam

265 1157 626 1221 contulerunt,
652 1159 820 1212 studia
852 1158 1142 1229 sapientiae,
1168 1177 1276 1210 non
1307 1156 1422 1228 jam
1460 1156 1516 1208 in
1553 1157 1674 1209 actu
1711 1158 1803 1210 suo
1827 1169 1992 1230 atque

262 1227 320 1281 in
345 1228 447 1282 hac
470 1228 572 1282 fori
595 1229 716 1283 luce
741 1229 1024 1293 versantur,
1051 1229 1140 1281 sed
1164 1229 1234 1293 in,
1244 1227 1479 1300 porticus
1505 1237 1559 1280 et
1582 1230 1854 1300 gymnafia
1876 1231 1990 1301 pri-

263 1318 436 1365 mum,
461 1319 589 1353 mox
625 1301 679 1352 in
717 1311 1010 1354 conventus
1047 1300 1342 1352 scholarum
1380 1298 1716 1363 recefferunt,
1750 1300 1807 1352 id
1843 1301 1992 1370 quod

263 1371 336 1423 est
359 1372 552 1424 oratori
579 1372 940 1435 necessarium,
969 1389 1068 1424 nec
1090 1390 1122 1423 a
1146 1369 1359 1423 dicendi
1384 1371 1798 1441 praeceptoribus
1822 1373 1990 1425 tradi-

261 1450 368 1506 tur,
395 1443 463 1495 ab
487 1443 554 1495 iis
580 1454 759 1514 petere
785 1443 1036 1495 nimirum
1063 1442 1264 1495 neceffe
1288 1442 1379 1506 est,
1402 1441 1540 1512 apud
1567 1460 1702 1512 quos
1725 1445 1989 1498 remansit.

206 1531 240 1586 9
263 1512 557 1566 Evolvendi
582 1515 795 1586 penitus
824 1514 1085 1580 au&ore3,
1113 1514 1205 1585 qui
1242 1513 1310 1566 de
1347 1513 1536 1565 virtute
1569 1513 1902 1584 praecipiunt,
1928 1526 1991 1568 ut

261 1585 485 1639 oratoris
518 1585 624 1638 vita
663 1605 788 1639 cum
825 1586 1039 1638 scientia
1074 1584 1374 1638 divinarum
1412 1602 1588 1636 rerum
1629 1585 1688 1636 fit
1725 1585 1990 1639 humana-

260 1661 490 1728 rumq'ue
512 1656 815 1728 conjuncta.
875 1657 1012 1710 Quae
1039 1656 1163 1727 ipsae
1188 1667 1389 1727 quanto
1413 1653 1639 1726 majores
1663 1674 1725 1721 ac
1750 1656 1989 1728 pulchri-

261 1744 379 1780 ores
402 1727 724 1794 viderentur,
750 1729 783 1780 fi
821 1728 939 1781 illas
963 1727 1000 1779 ii
1039 1728 1311 1792 docerent,
1337 1726 1428 1798 qui
1457 1726 1616 1779 etiam
1645 1727 1826 1799 eloqui
1853 1747 1989 1800 prae-

260 1798 559 1853 stantiffime
593 1800 832 1870 poffent?
878 1799 1207 1871 Utinamque
1232 1799 1292 1851 fit
1327 1809 1539 1869 tempus
1575 1811 1852 1870 umquam,
1879 1820 1990 1872 quo

258 1868 524 1940 perfectus
547 1870 738 1942 aliquis
764 1871 997 1942 (qualem
1023 1871 1291 1941 optamus)
1315 1880 1490 1922 orator
1509 1869 1646 1921 hanc
1671 1882 1871 1940 partem
1898 1873 1988 1925 su-

261 1941 427 2011 perbo
453 1942 669 1995 nomine
690 1953 749 1995 et
781 1943 921 1995 vitiis
945 1941 1300 2013 quorumdam
1326 1942 1465 1994 bona
1499 1940 1612 2012 ejus
1643 1959 1988 2014 corrumpen-

260 2012 400 2064 tium
444 2012 683 2079 invisam,
714 2013 948 2066 vindicet
985 2013 1096 2079 fibi,
1125 2031 1206 2078 ac,
1246 2012 1394 2065 velut
1438 2013 1597 2065 rebus
1634 2014 1892 2084 repetitiS,
1931 2016 1991 2070 in
2046 2076 2048 2079 v

171 2100 241 2140 10
261 2100 452 2154 corpus
478 2084 799 2156 eloquentiae
825 2084 1071 2138 adducat.
1108 2135 1110 2137 ,
1147 2085 1287 2138 Quae
1319 2083 1538 2154 quidem
1565 2102 1689 2136 cum
1717 2084 1776 2137 fit
1801 2085 1855 2138 in
1881 2096 1990 2141 tres

260 2154 424 2208 divisa.
456 2166 648 2227 partes,
682 2156 984 2216 naturalem,
1022 2156 1271 2221 moralem,
1299 2155 1627 2208 rationalem:
1667 2175 1788 2227 quae
1812 2167 1828 2189 ³
1866 2168 1988 2211 tan·

258 2225 382 2279 dem
409 2245 514 2279 non
540 2228 611 2280 est
635 2246 758 2280 cum
785 2227 1006 2281 oratoris
1029 2245 1188 2298 opere
1211 2225 1532 2297 conjuncta?
1574 2227 1717 2279 Nam
1753 2238 1814 2281 ut
1837 2230 1986 2282 ordi-

259 2315 383 2350 nem
423 2309 565 2352 retro
604 2317 846 2371 agamUS,
887 2298 954 2352 de
993 2298 1186 2351 ultima
1219 2297 1328 2362 illa,
1358 2316 1482 2368 quae
1520 2306 1634 2350 tota
1671 2300 1900 2352 versatur
1929 2301 1988 2354 in

257 2368 455 2435 verbiS,
481 2388 661 2424 nemo,
677 2370 1016 2434 dubitaverit,
1043 2370 1077 2422 fi
1103 2381 1159 2422 et
1193 2369 1538 2441 proprietates
1561 2369 1706 2422 vocis
1730 2371 1988 2443 cujusque

258 2440 420 2506 nosse,
449 2451 505 2496 et
547 2441 806 2513 ambigua
845 2442 1062 2512 aperire,
1096 2451 1154 2493 et
1189 2440 1435 2512 perplexa
1474 2440 1784 2507 discernere,
1820 2453 1877 2495 et
1918 2443 1988 2497 de

258 2509 395 2567 falfis
408 2511 670 2584 judicare,
697 2524 753 2566 et
776 2513 1028 2585 colligere
1046 2531 1114 2565 ,ac
1139 2512 1414 2576 resolvere,
1441 2531 1562 2583 quae
1590 2512 1738 2577 veliS,
1765 2516 1988 2568 oratoris

169 2601 232 2641 11
259 2582 349 2635 est.
424 2585 767 2656 Quamquam
807 2602 870 2637 ea
903 2603 1010 2636 non
1048 2594 1157 2635 tam
1189 2584 1258 2636 est
1284 2582 1488 2636 minute
1512 2595 1672 2654 atque
1698 2585 1902 2638 concise
1927 2587 1985 2640 in

257 2653 559 2708 a&ionibus
596 2655 878 2719 utendum,
904 2674 1064 2727 quam
1101 2655 1157 2706 in
1195 2654 1674 2725 disputationibus:
1714 2656 1842 2726 quia
1877 2676 1985 2710 non

257 2723 452 2778 docere
492 2726 676 2792 modo,
721 2726 811 2779 sed
851 2745 1066 2779 movere
1105 2725 1264 2778 etiam
1305 2743 1364 2777 ac
1406 2724 1667 2779 delectare
1708 2727 1985 2782 audientes

256 2794 422 2849 debet
445 2806 650 2850 orator:
689 2798 756 2850 ad
794 2797 939 2868 quod
978 2797 1186 2868 impetu
1221 2815 1436 2868 quoque
1473 2806 1528 2848 et
1564 2797 1764 2850 viribus
1799 2817 1861 2852 ac
1885 2799 1983 2852 de-

235 2884 382 2932 ,core
416 2869 486 2922 est
510 2887 678 2939 opus:
723 2886 805 2922 UT
836 2868 912 2920 vis
949 2868 1188 2920 amnium
1223 2868 1390 2938 major
1423 2868 1495 2919 est
1517 2866 1636 2920 altis
1661 2868 1808 2940 ripis,
1836 2870 1983 2923 mul-

256 2946 422 3020 toque
459 2939 693 3011 gurgitis
732 2939 903 2992 tractu
950 2938 1254 3003 fluentium,
1293 2957 1455 3009 quam
1497 2938 1673 2991 tenuis
1713 2958 1742 2991 a
1782 2959 1886 3006 uae,
1927 2953 1984 2996 et

169 3026 236 3069 12
259 3009 472 3080 objectu
502 3009 799 3082 lapillorum
825 3010 1143 3062 resultantis,
1218 3011 1287 3061 Et
1327 3027 1409 3072 UT
1448 3009 1714 3080 palaestrici
1778 3012 1985 3067 octores

257 3079 400 3147 illos,
426 3100 563 3154 quos
606 3101 827 3135 numeros
869 3091 1078 3148 vocant,
1119 3099 1227 3133 non
1267 3078 1471 3135 idcirco
1507 3080 1829 3135 discentibus
1871 3094 1981 3137 tra-

620 3259 639 3287 ‘3
671 3267 741 3292 orn.
759 3253 866 3293 Jens.
975 3257 992 3278 ¹'
1022 3253 1248 3303 institutum
1265 3251 1320 3293 id.
1428 3262 1444 3286 ³
1471 3253 1618 3304 quaid.

317 3393 361 3434 6.
393 3399 595 3435 oratorem
622 3390 910 3449 philosbphum]
952 3391 1078 3434 Adu-
1221 3394 1264 3434 8.
1305 3389 1360 3434 ab
1397 3389 1448 3432 iis
1473 3391 1633 3447 petere]
1671 3391 1839 3434 Totum
1871 3392 1981 3437 hunc

256 3447 368 3494 latur
395 3449 463 3492 hic
485 3450 608 3492 etiam
630 3451 887 3499 Domitiano,
911 3447 1077 3507 philost:-
1161 3448 1300 3491 locum
1339 3449 1490 3491 tractat
1526 3449 1651 3491 etiam
1690 3450 1734 3491 in
1779 3454 1984 3509 prooemio

250 3505 351 3562 phos
378 3507 498 3556 ¹urbe
556 3507 758 3566 Italiaque
796 3506 1078 3567 submoverat}
1161 3506 1334 3561 univeifi
1353 3507 1488 3566 operis
1509 3506 1541 3551 s.
1565 3509 1634 3551 16.
1656 3506 1747 3565 sqq.

259 3565 426 3612 Sueten.
451 3580 491 3610 c.
517 3580 586 3611 10.

1178 3639 1219 3677 x
1238 3636 1276 3690 4
