2320 4030
579 321 864 373 INSTIT.
897 321 1240 373 ORATOR.
1274 320 1417 373 LIB.
1450 314 1625 387 IX.·4.
1874 336 1975 391 139

245 455 441 530 pedes:
481 456 570 512 sed
605 458 711 513 hoc
749 458 980 527 interest,
1014 459 1162 532 quod
1196 459 1419 533 rhythmo
1435 470 1456 494 ὃ
1477 458 1796 513 *indifferens
1831 460 1903 514 est
1924 462 1972 528 ¹³,

247 529 530 602 dadylusne
552 540 570 562 ⁶
621 530 716 584 ille
761 531 962 602 priores
1010 531 1206 585 habeat
1222 533 1245 565 d
1293 532 1498 597 breveS,
1550 549 1615 583 an
1671 531 1971 603 sequentes,

247 600 487 671 Tempus
512 600 658 654 enim
681 601 850 655 solum
873 613 893 635 ⁶
918 602 1158 668 metitur,
1184 612 1247 656 ut
1270 621 1302 654 a
1324 601 1619 655 sublatione
1650 602 1719 655 ad
1755 603 1971 674 positio-

249 688 373 723 nem
397 672 580 724 iisdem
607 672 669 724 fit
686 672 704 704 f
737 672 913 743 spatiis
939 673 1157 744 pedum.
1230 682 1254 714 8
1274 675 1336 725 In
1361 673 1510 727 versu
1533 691 1628 744 pro
1653 673 1846 744 dactylo
1870 692 1971 746 po-

249 740 305 793 ni
337 760 446 795 non
471 742 668 814 poterit
691 743 968 816 anapaestus
993 755 1087 797 aut
1108 744 1388 816 spondeus.-
1426 762 1525 798 nec
1561 743 1747 816 paeon¹¹
1785 745 1976 798 eadem

163 828 232 883 49
249 813 452 866 ratione
498 832 531 866 a
577 814 829 868 brevibus
878 814 1098 885 incipiet
1145 834 1207 868 ac
1259 815 1478 869 definet.
1549 816 1748 887 Neque
1801 815 1976 868 solum

247 882 411 936 alium
440 903 534 955 pro
559 884 665 938 alio
700 885 891 956 pedem
929 897 1222 939 metrorum
1253 887 1389 940 ratio
1415 905 1522 940 non
1546 886 1754 958 recipit,
1779 885 1870 938 sed
1906 904 1976 938 ne

247 953 520 1026 dafi'tylum
548 955 785 1027 quidem,
811 969 903 1010 aut
927 956 1062 1009 forte
1088 956 1379 1028 spondeum
1407 958 1630 1011 alterum
1655 976 1750 1029 pro
1783 956 1973 1012 altero·

249 1026 436 1098 Itaque
461 1027 494 1079 fi
521 1027 755 1099 quinque
781 1028 1063 1082 continuos
1086 1029 1351 1100 dattylos,
1377 1040 1440 1083 ut
1463 1029 1584 1082 sunt
1608 1029 1665 1082 in
1689 1028 1806 1096 illo,

388 1126 646 1180 Panditur
669 1129 854 1181 interea
877 1129 1042 1180 domus
1067 1127 1402 1200 omnipotentis
1425 1127 1621 1200 olympi,

161 1251 233 1310 50
249 1242 564 1309 confundaS,
587 1242 800 1296 solveris
825 1243 1049 1296 versum.
1126 1242 1266 1294 Sunt
1290 1252 1344 1295 et
1369 1241 1459 1294 illa
1482 1240 1799 1307 discrimina,
1825 1241 1976 1312 quod

246 1315 486 1387 rhythmis
527 1314 696 1368 libera
736 1314 918 1386 spatia,
958 1313 1125 1366 metris
1170 1312 1318 1365 finita
1360 1312 1548 1379 sunt³3
1601 1323 1658 1365 et
1693 1312 1779 1365 his
1817 1325 1978 1366 certae

249 1386 516 1452 clausulae,
545 1385 644 1451 illi,
671 1405 780 1458 quo
811 1385 976 1438 modo
1012 1395 1300 1455 coeperant,
1327 1394 1549 1437 currunt
1584 1383 1748 1455 usque
1787 1383 1855 1436 ad
1889 1404 1977 1453 με-

247 1458 472 1523 ταξολῆν,
509 1457 567 1510 id
609 1458 700 1523 est,
739 1456 1047 1510 tranfitum¹
1090 1458 1146 1509 in
1186 1455 1332 1508 aliud
1373 1473 1550 1528 genus
1586 1454 1867 1537 rhythmi:
1921 1465 1978 1508 et

247 1527 395 1598 quod
429 1539 638 1582 metrum
661 1528 715 1580 in
744 1527 918 1581 verbis
941 1527 1125 1592 mod0,
1155 1527 1411 1598 rhythmus
1449 1527 1610 1580 etiam
1650 1544 1705 1578 m
1746 1525 1980 1596 corporis

160 1610 229 1666 51
248 1611 403 1652 motu
427 1601 517 1654 est.
593 1600 781 1652 Inania
803 1618 1019 1671 quoque
1057 1609 1296 1669 tempora
1331 1598 1559 1669 rlythmz‘·
1583 1596 1794 1650 facilius
1830 1597 1974 1650 acci-

246 1669 414 1742 pient,
439 1689 761 1742 quamquam
801 1670 928 1723 haec—
959 1681 1011 1722 et
1052 1669 1108 1722 in
1147 1669 1331 1722 metris
1364 1668 1649 1723 accidunt:
1690 1667 1860 1740 major
1889 1679 1972 1721 ta-

246 1759 372 1795 men
397 1740 510 1796 illic
532 1742 750 1795 licentia
774 1743 862 1806 est,
894 1752 926 1781 ¹¹¹
947 1741 1042 1794 ubi
1067 1752 1307 1811 tempora
1329 1741 1490 1794 etiam
1518 1740 1700 1792 animo
1735 1739 1976 1792 metiun-

247 1824 355 1877 tur,
382 1824 438 1866 et
474 1812 669 1885 pedum
714 1825 770 1868 et
804 1812 1097 1886 digitorum
1145 1812 1257 1866 ἱᾶυ.
1291 1811 1572 1866 intervalla
1610 1811 1832 1883 fignant,
1866 1820 1974 1877 et†

243 1884 562 1966 quibusdam
600 1885 761 1951 notis,
787 1896 950 1956 atque
990 1883 1266 1949 aestimant,
1292 1894 1429 1955 quot
1463 1884 1651 1936 breves
1685 1881 1822 1935 illud
1853 1881 1972 1953 spa-

247 1969 384 2010 tium
433 1956 660 2011 habeat:
718 1956 844 2010 inde
889 1955 1169 2025 τετράσημοι
1188 1963 1227 2015 ¹¹,
1261 1953 1575 2022 ωεντάσημοι,
1617 1963 1674 2006 et
1718 1952 1979 2027 deinceps-

303 2161 320 2181 ·
352 2158 564 2208 rhythmos
581 2157 687 2196 Jens.
815 2154 836 2185 b
864 2169 935 2194 om.
954 2155 1006 2194 G.
1133 2160 1150 2180 ι·
1183 2152 1360 2205 ᾱαξὶγὶοε
1377 2171 1386 2190 =
1418 2166 1469 2193 ne
1486 2153 1594 2193 Jens.
1728 2152 1746 2178 ‘¹
1766 2132 1901 2194 'habet
1919 2154 1975 2195 G.

246 2211 353 2250 Jens.
462 2219 478 2235 ‘²
509 2212 576 2249 Sic
595 2212 644 2249 G.
665 2220 701 2249 et
723 2209 820 2250 Vall.
837 2217 900 2260 ap.
919 2207 1067 2261 Asi-ens.
1088 2208 1231 2247 sonum
1251 2207 1317 2250 rel.
1429 2207 1446 2233 f
1474 2223 1543 2248 om.
1560 2209 1610 2246 G.
1630 2207 1737 2247 Jens.
1835 2214 1853 2238 ὅ
1884 2209 1978 2248 Pro-

250 2266 342 2303 inde
361 2264 439 2304 alia
456 2266 506 2303 ad
524 2266 817 2304 dimensionem
837 2264 878 2301 in
895 2265 1004 2302 versu
1023 2263 1128 2302 Jens.
1149 2263 1333 2301 versuum
1353 2262 1405 2300 G.
1611 2260 1630 2290 h
1662 2273 1783 2313 penes
1802 2263 1976 2302 eandem

248 2321 447 2358 rationem
466 2320 517 2358 G.
536 2320 642 2358 Jens.
770 2317 779 2343 ἰ
812 2332 882 2356 om.
900 2317 1009 2356 Jens.
1136 2315 1147 2341 ¹
1182 2317 1228 2355 ld
1248 2317 1313 2369 insi
1335 2317 1387 2354 G.
1407 2315 1454 2354 Id
1473 2317 1528 2354 est
1547 2315 1613 2368 irfi
1631 2316 1738 2355 Jens.
1873 2321 1906 2341 “¹
1938 2325 1982 2357 et

248 2373 318 2424 inst
338 2373 409 2412 G..
513 2379 544 2422 ἦ·
573 2381 612 2412 et
631 2373 694 2411 hoc
712 2372 862 2425 irfirui,
868 2371 980 2423 sensu
999 2370 1166 2421 exigente
1181 2385 1194 2408 :
1223 2369 1385 2423 loquitur
1402 2370 1446 2408 de
1463 2370 1556 2408 notis
1574 2370 1784 2420 mtficorum
1801 2377 1837 2408 et
1857 2370 1984 2424 rhyth-

250 2427 423 2465 micorum
430 2427 571 2478 firipto
589 2427 767 2478 eaprqffis.
903 2434 921 2454 ¹¹
951 2426 1160 2463 tetrafmoe
1182 2425 1412 2475 pentasmoe
1426 2425 1447 2463 J
1452 2423 1535 2464 ens.
1561 2424 1822 2477 τετρασημεῖον
1837 2438 1982 2464 wewa-

249 2483 396 2531 σημεῖον
413 2482 464 2521 G.
494 2482 734 2533 τε-τςαίσημον,
753 2477 994 2530 minden-pter.
1026 2480 1228 2530 Deinceps
1247 2477 1315 2517 rel.

307 2648 384 2696 48.
428 2658 459 2686 a
479 2641 708 2700 ficblatione
741 2640 803 2682 ad
819 2638 1065 2695 pqlitionem]
1151 2639 1310 2696 quibus
1348 2638 1493 2689 βάσεις,
1531 2636 1609 2682 five
1639 2636 1778 2696 pafflcs
1813 2638 1977 2696 respon-

244 2702 366 2757 Ἄρην
391 2711 431 2743 et
459 2701 564 2742 θέσιν
591 2698 737 2742 Gxaeci
768 2698 971 2748 dixerant,
999 2713 1068 2740 ea·
1148 2697 1264 2740 dent.

284 2776 348 2810 ue,
379 2769 429 2802 ut
466 2769 507 2801 et
545 2758 678 2816 ipsum
708 2755 824 2814 pedis
857 2770 1004 2798 nomen
1043 2770 1069 2798 a

249 2776 486 2861 iialtantium
506 2818 691 2859 motibus
710 2814 961 2857 deduxerant
981 2831 992 2856 z
1021 2829 1065 2857 v.

251 2892 296 2932 g.
328 2877 401 2932 qui
423 2874 607 2932 dafiylos
627 2872 865 2923 saltatfduo
883 2883 1070 2930 tempora

253 2936 294 2976 in
313 2932 542 2993 ficblatione
565 2932 682 2989 pedis
714 2931 937 2981 consumit,
969 2930 1068 2972 toti-

1214 2770 1261 2809 51
1274 2786 1285 2797 .
1308 2753 1462 2801 Inania
1481 2754 1685 2811 tempora]
1717 2754 1976 2800 Redundan-

1150 2812 1226 2863 tia,
1247 2828 1343 2870 quae
1363 2812 1684 2863 diffimulantur,
1702 2822 1748 2855 ut
1768 2813 1812 2856 in
1831 2828 1880 2856 eo
1898 2816 1975 2871 qui

1149 2882 1324 2914 vocatur
1342 2871 1466 2913 hodie
1471 2869 1592 2928 stilus
1611 2869 1876 2922 recitativus‚
1896 2872 1975 2916 ubi

1150 2930 1289 2972 verbis
1308 2938 1494 2987 tempora
1521 2928 1832 2973 accommodare
1861 2929 1975 2974 licet.

249 2994 344 3034 dem
365 2994 407 3035 in
420 2990 605 3049 pqfitione
623 2991 703 3034 &c.

309 3066 382 3105 49.
400 3048 585 3108 Jblveris
610 3046 799 3107 verficm]
833 3045 957 3105 Qod
985 3059 1068 3088 non

251 3108 382 3159 fieret,
403 3108 430 3151 fi
449 3108 586 3151 verbis
615 3105 782 3163 singulis
803 3103 1068 3161 ssnguliqcon-

253 3166 398 3209 starent
431 3166 570 3224 pedm,
593 3180 634 3207 v.
660 3180 704 3220 g.
741 3161 939 3206 Carmina
971 3161 1067 3205 mol-

250 3224 328 3274 lia,
347 3224 499 3273 Iaevia,
518 3222 734 3278 languida,
753 3220 891 3263 ludere
908 3227 1033 3262 tento.

318 3299 389 3337 50.
433 3280 627 3339 rhythmis
656 3279 787 3324 libera
807 3276 975 3336 spatia]
1010 3279 1069 3320 Et

254 3341 330 3383 hoc
364 3356 386 3382 e
413 3339 586 3396 saltandi
614 3338 844 3381 rationibus
873 3335 1070 3391 intelligi-

250 3409 338 3441 tur.
384 3397 520 3441 Potest
553 3395 618 3439 vel
650 3409 734 3439 una
760 3395 932 3437 Minuta
954 3393 1067 3450 (Me-

250 3457 368 3511 nuel)
400 3454 465 3498 vel
495 3466 632 3513 partes
670 3454 755 3508 ejus
793 3466 1072 3510 quaecunque,

250 3513 480 3558 continuari
509 3526 631 3569 quem
660 3511 712 3554 ad
734 3509 855 3554 finem
876 3509 1074 3559 volueris,

249 3572 374 3616 modo
396 3571 518 3629 pedes
538 3571 741 3614 serventur
762 3567 886 3611 iidem
911 3565 1072 3616 mufici,

1150 2986 1263 3031 conf.
1285 3002 1384 3030 mox
1403 2987 1434 3029 s.
1459 2989 1531 3043 89.

1213 3073 1259 3111 51
1272 3088 1284 3100 .
1317 3057 1412 3100 inde
1430 3057 1667 3110 τετράσημοι]
1698 3057 1818 3101 Ante
1834 3060 1977 3103 omnia

1149 3117 1476 3164 meminerimus,
1514 3116 1626 3171 quod
1675 3115 1810 3159 statim
1854 3117 1977 3161 docet

1150 3175 1275 3216 etiam
1310 3174 1486 3223 Fabius,
1523 3176 1669 3224 σημεῖον
1699 3173 1774 3216 effe
1809 3183 1975 3232 tempus

1150 3246 1298 3274 unum.
1343 3232 1502 3274 Eadem
1535 3243 1681 3287 nempe
1714 3246 1796 3274 vox
1828 3236 1980 3284 σημεῖον

1151 3290 1353 3347 Ρυηᾶυηι
1368 3289 1709 3332 mathematicum
1724 3297 1860 3331 notat.
1877 3289 1977 3332 Ad-

1152 3347 1377 3393 scribamus
1397 3346 1535 3389 locum
1556 3345 1756 3389 Aristidis
1781 3344 1977 3405 Qinffi-

1154 3405 1253 3448 liani
1273 3422 1317 3463 p.
1339 3421 1409 3457 32.
1428 3404 1637 3446 Meibom.
1668 3407 1805 3458 Πρῧτος
1829 3405 1900 3455 μὲν
1926 3403 1980 3445 οὖν

1154 3467 1210 3507 έςι
1238 3462 1354 3516 χρόνος
1381 3465 1519 3512 ἄτομος·
1549 3464 1576 3515 13¹,
1599 3460 1788 3513 ἆλάχισος,
1809 3459 1844 3504 ’ὃς
1862 3463 1890 3514 ’53
1907 3476 1979 3502 ση-

1154 3520 1255 3566 μεῖον
1270 3517 1658 3563 anezan—smus&
1683 3515 1718 3553 δὲ
1735 3517 1906 3554 καλεῖται
1924 3517 1982 3555 διὰ

1158 3572 1200 3624 τᾷ
1221 3573 1348 3623 ἀμερὴς
1367 3572 1463 3611 εἷται·
1495 3569 1592 3608 ⁸253&
1610 3571 1637 3623 5⁸
1662 3569 1690 3608 vi
1719 3567 1921 3623 γευμέτςαι
1941 3569 1985 3608 τό
