2320 4030
630 335 911 400 INSTIT.
947 344 1292 397 ORATOR.
1329 346 1467 395 LIB.
1502 347 1593 398 lx,
1629 365 1682 411 3.
1930 367 2026 417 119

197 494 269 556 59
289 482 467 539 raviv.
542 481 650 536 Cui
691 480 877 535 similia
914 481 1037 535 sunt
1076 480 1226 549 illaq,
1262 500 1388 536 meo
1433 483 1655 556 quidem
1688 484 1925 558 judicio,
1962 489 2019 543 in

287 554 487 626 quibus
512 554 672 607 verba
695 553 946 607 decenter
967 552 1186 626 pudoris
1209 554 1384 627 gratia
1406 554 1808 624 subtrahuntur,

430 651 675 706 IVovimus
701 662 747 704 et
769 651 856 724 qui
879 663 943 717 te,
972 653 1257 725 trans-'versa
1284 655 1532 709 tuentibus
1553 657 1724 726 birciS,

428 725 507 778 Et
529 732 640 796 quo,
649 724 752 796 fid
755 722 947 795 faciles
972 723 1220 797 Nymphae
1242 726 1407 798 risere,
1415 727 1626 798 sacello.

198 842 267 895 60
287 839 447 897 Hanc
464 847 483 871 ¹
504 838 722 923 quidam
749 838 1038 913 apqfiopifin
1061 851 1268 912 putant,
1291 841 1494 899 frustra.
1567 843 1733 910 Nam,
1761 844 1855 901 illa
1883 847 2018 919 quid

286 920 480 976 taceat,
522 922 787 965 lncertum
827 913 917 976 est,
959 922 1054 965 aut
1094 923 1238 966 certe
1277 913 1525 986 longiore
1566 915 1804 970 sermone
1843 919 2015 990 expli-

284 982 514 1037 candum
536 1002 551 1034 ι
591 983 681 1037 hic
705 1001 873 1037 unum
896 984 1142 1048 verbum,
1168 995 1224 1038 et
1244 985 1574 1040 manifestum
1651 988 1849 1053 uidem,
1879 989 2013 1043 defi-

285 1053 528 1108 deratur:
567 1073 687 1126 quae
713 1055 745 1108 si
773 1054 1050 1181 apgsiopefis
1081 1056 1169 1120 est,
1194 1055 1351 1118 nihil,
1379 1056 1432 1110 in
1469 1077 1578 1129 quo
1613 1006 1755 1112 deest
1787 1061 2012 1131 aliquid,

195 1126 258 1181 61
287 1143 392 1178 non
412 1135 427 1157 ⁸
460 1126 604 1183 idem
629 1125 836 1197 appella
874 1126 1001 1180 itur.
1073 1126 1161 1179 Ne
1186 1145 1290 1199 ego
1320 1127 1454 1181 illud
1477 1129 1695 1200 quidem
1726 1132 2015 1204 apcfiopefin

282 1196 486 1268 semper
523 1216 677 1263 voce,
701 1198 754 1251 in
795 1216 907 1270 quo
943 1215 1027 1250 res
1062 1216 1420 1269 quaecumque
1451 1201 1769 1273 relinquitur
1804 1204 2011 1258 intelli-

280 1267 477 1340 genda,
502 1279 567 1323 ut
589 1287 670 1334 ea,
697 1288 819 1350 quae
857 1268 911 1323 in
931 1268 1165 1339 epistolis
1202 1269 1417 1335 Cicer0‚
1444 1272 1592 1331 Data
1628 1274 2010 1346 Lupercalibus,

282 1359 376 1411 quo
415 1340 496 1395 die
531 1341 781 1395 Antonius
824 1339 1015 1411 Caesari
1034 1349 1048 1375 ²
1070 1362 1088 1392 .·
1126 1340 1254 1412 quia
1295 1341 1431 1395 nihil
1472 1343 1562 1397 hic
1602 1344 1745 1405 aliud
1780 1345 2013 1419 intelligi

191 1412 260 1467 62
281 1420 509 1482 poterat,
535 1430 706 1483 quam*
730 1412 857 1476 hoo,
883 1412 1114 1465 diadema
1152 1412 1395 1486 imposuit.
1469 1413 1658 1469 Altera
1693 1417 1762 1470 est
1794 1429 1885 1488 per
1921 1421 2012 1470 de-

281 1484 566 1536 tractionem
591 1483 779 1556 figura,
804 1483 874 1537 de
894 1502 1002 1555 qua
1025 1483 1189 1536 modo
1214 1484 1418 1538 dietum
1446 1486 1536 1552 est,
1563 1487 1653 1541 cui
1679 1488 2014 1560 conjuntffio·

281 1571 377 1607 nes
401 1554 727 1609 eximuntur.
800 1554 1002 1621 Tertia,
1028 1573 1148 1626 quae
1181 1555 1377 1610 dicitur
1412 1558 1786 1627 συνεζευγμένον,
1813 1559 1870 1612 in
1906 1579 2013 1632 qua

279 1643 448 1678 unum
499 1626 566 1679 ad
607 1627 828 1679 verbum
875 1626 1052 1697 plures
1095 1626 1371 1682 sententiae
1418 1624 1737 1695 referuntur,
1783 1649 2012 1700 quarum

279 1714 616 1769 unaquaeque
651 1697 965 1751 desideraret
987 1696 1142 1764 illud,
1169 1699 1204 1751 fi
1236 1699 1345 1752 sola
1381 1710 1686 1771 poneretur.
1761 1702 1826 1755 Id
1864 1705 2008 1756 acci-

277 1766 360 1820 dit
385 1779 479 1822 aut
498 1769 776 1841 praepofito
801 1770 983 1835 verb0,
1011 1769 1079 1822 ad
1104 1770 1251 1840 quod
1282 1770 1490 1842 reliqua
1511 1770 1789 1844 respiciant
1811 1794 1823 1826 :
1871 1775 2010 1828 Vicit

204 1869 222 1890 s
268 1840 507 1920 pudorem
557 1841 731 1906 libido,
777 1841 992 1895 timorem
1040 1843 1273 1908 audacia,
1316 1843 1556 1895 rationem
1604 1845 1822 1896 amentia
1843 1866 1860 1896 .-
1913 1858 2009 1901 aut

276 1909 448 1977 illam,
476 1931 586 1984 quo
615 1912 771 1984 plura
809 1911 1137 1966 cludunturu
1161 1934 1193 1966 :—
1215 1913 1388 1986 Neque
1430 1913 1557 1966 enim
1593 1913 1637 1967 is
1661 1934 1728 1981 eS,
1760 1916 2006 1984 Catilina,

276 1992 336 2035 ut
359 1993 406 2035 te
429 1994 520 2036 aut
548 1984 710 2056 pudor
731 2003 965 2056 umquam
991 2005 1024 2035 a
1049 1985 1373 2057 turpitudine,
1403 1994 1494 2038 aut
1517 1994 1670 2038 metus
1703 2008 1736 2039 a
1766 1989 2007 2060 periculo,

186 2055 253 2126 63
278 2063 372 2106 aut
418 2055 548 2108 ratio
594 2076 628 2108 a
653 2055 840 2126 furore
879 2058 1209 2110 revocaverit.
1283 2055 1533 2110 Medium
1617 2075 1795 2130 uoque
1838 2061 2008 2130 potest

276 2123 395 2192 esse,
425 2126 574 2198 quod
615 2137 671 2180 et
710 2126 979 2198 prioribus
1017 2137 1075 2180 et
1112 2127 1458 2200 sequentibus
1495 2127 1552 2180 su
1609 2128 1732 2182 ciat.
1807 2132 1916 2184 Jun
1962 2132 2007 2186 it

274 2207 458 2250 autem
485 2208 542 2252 et
563 2197 791 2251 diversos
815 2198 970 2251 sexus
979 2217 998 2265 3
1024 2207 1085 2251 ut
1109 2217 1233 2252 cum
1259 2217 1459 2252 marem
1485 2198 1852 2272 feminamque
1857 2151 2008 2273 fiffios

184 2271 256 2339 64
274 2266 537 2322 dicimus:
578 2280 633 2322 et
657 2267 938 2341 singularia
959 2269 1252 2341 pluralibus
1278 2271 1482 2324 miscet.
1557 2270 1662 2323 Sed
1688 2271 1805 2325 haec
1823 2286 1845 2308 v
1867 2274 2007 2328 adeo

273 2339 394 2394 sunt
420 2340 676 2413 vulgaria,
703 2353 764 2394 ut
792 2340 885 2395 fibi
909 2352 1079 2395 artem
1105 2342 1394 2414 figurarum
1420 2341 1632 2395 asserere
1658 2361 1766 2396 non
1790 2345 2002 2416 poflint.

324 2528 346 2558 Ρ
371 2523 438 2564 Sic
456 2525 509 2565 G.
527 2524 632 2566 Alm.
651 2534 688 2565 et
706 2524 803 2579 Vqffi
822 2538 861 2566 2.
890 2526 1052 2566 exoravi
1073 2525 1139 2564 rel.
1320 2533 1342 2565 q
1371 2540 1439 2566 om.
1457 2526 1564 2568 Jens'.
1748 2538 1767 2561 τ·
1793 2527 1877 2566 Hie
1892 2529 2000 2569 Jens.

272 2579 290 2602 ⁸
315 2593 384 2618 om.
404 2579 456 2618 G.
474 2581 580 2620 Jens.
690 2585 704 2612 t
732 2580 836 2619 nihil
855 2580 1026 2619 obticuit
1042 2580 1214 2631 lusitque
1233 2578 1303 2632 ins-⁸
1316 2581 1423 2619 Jens.
1444 2589 1480 2619 et
1491 2581 1595 2632 plur.
1618 2580 1721 2631 apud
1734 2582 1865 2621 Burm.
1887 2583 2003 2621 etiarn

270 2632 536 2726 vGi’bmsbnenon
563 2635 676 2700 enim
698 2634 869 2674 obticuit
887 2634 979 2682 lusit
1007 2635 1059 2675 G.
1275 2642 1299 2664 ¹¹
1327 2635 1571 2676 clauduntur
1586 2636 1692 2675 Jens.
1721 2636 1926 2677 ducuntur
1945 2638 1999 2677 G.

332 2850 401 2892 59.
454 2835 660 2881 Novimus
705 2837 767 2892 et]
818 2838 944 2897 Vix-g.
994 2837 1089 2882 Ecl.

304 2923 316 2944 ‚
339 2898 381 2937 8.

275 2908 296 2948 3
331 2955 405 2995 61.
437 2952 594 3007 Cicero]
626 2953 812 3012 Epistola
838 2968 922 2997 non
945 2953 1088 2998 exstat.

271 3011 348 3052 Sed
386 3025 471 3053 rem
510 3011 639 3068 ipsam
680 3014 862 3070 graviter
904 3022 945 3055 et
992 3027 1091 3055 cum

269 3068 428 3112 summa
461 3069 744 3127 indignatione
774 3071 941 3128 exponit
977 3070 1089 3114 Phil.

270 3142 316 3176 α,
353 3141 424 3181 33.
461 3127 523 3185 sq.
574 3127 687 3171 Illud
722 3127 902 3188 imposuit
938 3128 1090 3171 intelli-

269 3186 469 3241 gendum,
502 3194 552 3228 ut
584 3186 718 3229 multa
755 3187 853 3238 alia,
886 3187 938 3229 de
970 3186 1090 3245 pleno

268 3254 440 3294 conatu,
473 3258 544 3301 per
576 3259 699 3302 quem
734 3259 816 3288 non
849 3244 971 3295 stetit,
1004 3259 1090 3302 quo

268 3303 408 3345 minus
438 3316 502 3344 res
532 3301 663 3346 fieret.
710 3305 776 3346 Sic
808 3303 1021 3346 Paradoxo
1041 3305 1085 3354 6,

269 3374 316 3402 2.
349 3361 495 3403 Utrum
513 3363 678 3404 tandem
698 3361 833 3418 pluris
856 3360 1090 3419 aestimemus

260 3417 478 3474 pecuniam
526 3418 691 3476 Pyrrhi,
733 3434 856 3477 quam
906 3417 1090 3462 Fabricio

265 3476 414 3526 dabat,
460 3488 517 3519 an
563 3476 849 3519 continentiam
895 3476 1089 3529 Fabricii,

264 3533 336 3596 qui
352 3533 469 3578 illam
479 3535 697 3594 pecuniam
716 3533 1000 3593 repudiabat?

1237 2842 1310 2883 62.
1360 2838 1644 2891 συνεζευγμένον]
1701 2837 1832 2888 Illud,
1882 2841 1996 2898 quod

1174 2895 1303 2954 vulgo
1329 2908 1525 2953 zeugma,
1546 2896 1710 2948 ζεῦγμα,
1726 2897 1997 2953 jundionem,

1171 2964 1325 2997 vocant
1374 2954 1670 2996 Grammatici.
1745 2955 1997 3014 Exemplum

1173 3014 1353 3070 primum
1383 3011 1438 3053 est
1467 3011 1561 3054 Cic.
1584 3026 1659 3068 pro
1690 3011 1858 3056 Cluent.
1882 3029 1922 3057 c.
1947 3018 1993 3058 6.

1174 3071 1287 3127 quod
1308 3071 1459 3113 iterum
1483 3068 1625 3112 laudat
1646 3085 1744 3115 mox
1772 3071 1804 3114 s.
1828 3087 1900 3125 77.
1934 3073 1996 3115 al-

1172 3138 1307 3171 terum
1327 3128 1459 3171 Catil.
1486 3144 1526 3178 1,
1548 3144 1592 3183 9.

1232 3189 1305 3240 63.
1357 3199 1515 3229 marem
1540 3184 1825 3244 feminamque
1853 3188 1989 3244 filios]

1172 3243 1238 3287 Sic
1279 3244 1436 3288 Paulus
1475 3243 1506 3286 l.
1549 3248 1604 3295 84
1641 3244 1691 3285 de
1731 3247 1786 3286 V.
1825 3248 1867 3289 S.
1899 3246 1995 3293 Filii

1170 3300 1438 3359 appellatione
1470 3315 1600 3344 omnes
1628 3301 1774 3345 liberos
1801 3302 1991 3361 intelligi-

1170 3375 1274 3403 mus.
1319 3361 1385 3403 De
1405 3360 1602 3415 fratrum
1632 3359 1900 3417 appellatione
1926 3377 1991 3405 res

1170 3428 1267 3460 nota
1301 3418 1462 3468 itidem,
1496 3417 1718 3475 praesertim
1754 3419 1901 3463 lctis:
1949 3430 1991 3463 et

1171 3477 1329 3519 erudite
1356 3477 1424 3520 hic
1444 3477 1606 3520 monuit
1625 3476 1818 3534 quaedam
1838 3478 1988 3526 Burm-

1194 3608 1282 3661 14
