2320 4030
186 1414 258 1473 70
260 1406 319 1479 st
353 1418 566 1473 curetur,
591 1428 653 1471 ne

606 340 891 395 1NsT1T.
923 340 1261 395 ORATOR.
1294 342 1433 399 ΜΒ.
1466 343 1556 392 lx.
1590 358 1642 407 3.

1895 358 1989 394 121

266 482 512 552 ωνομασῖᾳ
534 480 585 536 ei
617 463 947 537 contrarium
978 482 1071 549 est,
1097 481 1246 555 quod
1281 479 1474 535 eodem
1507 480 1673 533 verbo
1708 479 1850 551 quasi
1886 479 1993 535 fal-

264 551 382 605 sum
410 565 638 628 augetur
657 567 715 620 †,
746 555 878 626 Qnae
902 554 982 606 lex
999 554 1223 628 privatis
1247 551 1516 606 hominibus
1541 552 1630 623 ff
1665 551 1745 604 lex
1779 572 1877 606 non
1904 554 1993 606 vi-

267 696 534 748 contraria
556 696 886 768 significatio,

174 619 247 675 68
268 624 530 685 debatur„
576 625 682 678 Cui
729 626 952 679 confinis
999 626 1110 679 estl’
1153 623 1530 687 ἀντανάκλασιέ,
1574 622 1806 694 ejusdem
1836 625 1998 685 verbi

962 697 1104 750 Cum
1141 695 1445 749 Proculeius
1481 705 1793 767 quereretur
1829 694 1896 747 de
1932 696 1998 747 fi-

268 765 365 831 lio,
386 766 534 839 quod
570 767 615 819 is
650 778 881 820 mortem
921 767 1068 820 suam
1109 768 1420 840 exspedaret,
1458 777 1515 819 et
1554 765 1648 819 ille
1685 764 1917 831 dixiffet5
1930 768 1995 837 so:

269 855 390 890 vero
429 858 527 890 non
568 840 874 912 exspeclare:
931 839 1104 904 Immo,
1145 838 1342 919 inquit,
1380 857 1498 909 rogo
1537 838 1808 909 exspecleS..
1864 837 1996 890 Non

270 918 374 961 ex‘¹
414 909 623 974 eodem,
650 911 739 963 sed
778 929 844 963 ex
886 909 1106 975 diverso,
1140 909 1373 962 vicinum
1412 908 1688 980 accipitur,
1714 926 1840 962 cum
1861 909 1994 982 sup-

264 979 414 1050 plicio
439 980 775 1035 afficiendum
804 981 966 1047 dicem,
991 999 1153 1052 quem
1175 991 1192 1014 ¹
1213 980 1576 1053 supplicatione
1610 979 1839 1052 dignum
1856 989 1874 1012 ⁸
1911 979 1996 1033 ‘u-

180 1047 252 1119 69
275 1049 485 1104 dicaris·
557 1052 735 1105 Aliter
755 1071 970 1124 quoque
999 1070 1154 1106 voces
1179 1062 1272 1104 aut
1294 1051 1499 1104 eaedem
1518 1057 1532 1083 t
1571 1051 1774 1105 diversa
1806 1051 1863 1104 in
1906 1070 1997 1125 ig-

272 1121 576 1176 nificatione
599 1137 887 1194 ponuntur,
914 1134 1007 1177 aut
1030 1122 1382 1195 productione
1413 1133 1623 1176 tantum
1662 1122 1748 1176 vel
1781 1140 1996 1196 correp-

272 1193 424 1246 tione
463 1205 720 1248 mutatae:
759 1194 907 1267 quod
949 1195 1115 1248 etiam
1149 1194 1204 1246 in
1237 1193 1381 1265 jocis
1420 1193 1702 1265 frigidum,
1745 1194 1998 1266 equidem

273 1265 412 1318 tradi
454 1265 594 1319 inter
629 1277 892 1348 praecepta
926 1265 1121 1319 miror:

1176 1283 1470 1337 eorumque
1511 1264 1757 1348 exempla
1797 1265 2001 1320 vitandi

274 1336 474 1406 potiuS‚
500 1355 658 1408 quam
684 1337 931 1390 imitandi
957 1337 1337 1419 gratian-pone.
1410 1337 1595 1390 Amari
1607 1338 1891 1411 jucundum
1916 1336 1996 1408 est,

722 1409 814 1461 uid
847 1409 960 1491 infit
999 1429 1183 1463 amari.
1254 1407 1450 1463 Avium
1483 1408 1684 1463 dulcedo
1721 1409 1794 1462 ad
1826 1409 2000 1462 avium

265 1479 417 1532 ducit
435 1500 454 1532 .-
492 1491 549 1532 et
573 1429 720 1551 apug
739 1479 1001 1533 Ovidium
1025 1480 1324 1556 ludentem,

422 1576 526 1646 Gur
550 1597 637 1650 ego
661 1597 758 1630 non
781 1576 962 1643 dicam,
989 1577 1168 1644 Furia,
1195 1588 1241 1630 te
1246 1576 1453 1649 furiam
1469 1579 1500 1630 ,9

186 1700 254 1758 71
281 1687 599 1742 Cornificius
621 1688 762 1741 hanc
785 1689 1143 1742 traduilionem
1175 1698 1350 1755 vocat,
1376 1688 1625 1742 videlicet
1663 1688 1879 1744 alterius
1915 1689 2002 1742 in-

279 1759 566 1814 tellectus*
601 1759 670 1813 ad
703 1759 949 1813 alterum.
1025 1760 1131 1813 Sed
1167 1759 1484 1832 elegantiae,
1509 1761 1655 1842 quod
1681 1762 1754 1813 est
1777 1761 2000 1833 pofitum

279 1830 339 1884 in
363 1831 775 1905 distinguendaz
809 1832 887 1886 rei
910 1832 1261 1913 proprietate:
1302 1831 1455 1886 Hanc
1477 1832 1764 1905 reipublicae
1778 1845 1804 1870 ⁸>
1831 1832 2005 1905 pestem

273 1899 553 1976 paullisper
596 1904 814 1976 reprimi,
855 1923 954 1957 non
999 1923 1055 1956 m
1092 1912 1380 1977 perpetuum
1427 1903 1674 1977 comprimi
1713 1905 1862 1978 pqffe.
1935 1906 2007 1958 Et

336 2089 369 2135 1-
397 2093 565 2137 negatur
582 2100 702 2139 marg.
722 2088 826 2141 Vafi.
847 2095 882 2127 et
899 2087 952 2126 al.

282 2145 304 2169 ¹·
328 2151 420 2189 quae
438 2140 632 2192 supplicia
649 2142 700 2180 G.

283 2193 354 2245 inst
371 2195 424 2233 G.
551 2201 572 2224 Χ
601 2204 641 2234 et
659 2196 725 2248 inst
746 2195 798 2235 G.
815 2197 921 2235 Jens.

283 2248 549 2300 tinguendam
567 2261 700 2290 rerum
717 2251 998 2302 proprietatem
1015 2249 1069 2289 al.

347 2415 418 2464 67.
452 2415 557 2471 Qae
573 2413 642 2456 lex
665 2412 879 2470 pri-vatis]
910 2415 976 2456 Ex
995 2423 1104 2456 orat.

283 2469 332 2513 in
370 2470 507 2514 Pison.
553 2488 623 2526 ¹3·
690 2474 802 2515 Cave
839 2481 976 2514 autem
1014 2474 1106 2515 viro

287 2528 465 2580 summo,
486 2545 609 2587 quem
627 2530 883 2574 libentissime
907 2531 1009 2573 alias
1029 2546 1106 2573 au-

287 2587 377 2638 dio,
391 2587 460 2631 hic
473 2589 747 2644 obtemperes,
759 2599 797 2631 et
806 2587 998 2646 privatis
1014 2604 1106 2631 mu-

290 2654 352 2688 tes
373 2644 418 2688 in
444 2647 584 2703 priva
601 2645 675 2689 his.
718 2647 893 2690 Perierit
911 2648 1019 2690 enim
1039 2662 1107 2690 ar-

290 2715 535 2761 gumentum
570 2705 725 2754 Tullii,
754 2705 830 2761 qui
863 2702 912 2747 s1c
937 2706 1110 2749 ratioci-

290 2772 431 2804 natur.
481 2764 662 2820 Ignavos
695 2763 880 2805 homines
900 2772 941 2806 et
970 2764 1109 2821 indig-

290 2834 368 2863 nos
396 2835 478 2863 non
506 2822 655 2864 honore
683 2822 822 2870 modo,
850 2821 916 2864 led
945 2823 1110 2866 nomine

249 2871 253 2882 ’
291 2874 503 2922 consulum
524 2879 597 2923 effe
623 2895 720 2922 cum
748 2875 906 2936 collega
926 2879 996 2922 suo
1016 2881 1110 2923 Ga-

292 2936 412 2980 binio
429 2938 615 2980 Pisonem
634 2955 644 2980 2
678 2938 751 2994 qui
773 2945 915 2994 cupere
927 2940 979 2996 β’
999 2939 1110 2981 dice-

293 3003 383 3037 rent
417 3011 604 3039 revocare
632 2997 874 3039 Ciceronem
891 3014 902 3049 3
921 2997 1002 3054 fi'd
1025 2997 1112 3054 lege

294 3052 435 3096 Clodii
463 3053 651 3110 impediri
665 3071 678 3108 3
714 3068 798 3111 qua
830 3064 965 3096 tamen
1004 3054 1110 3112 lege,

292 3110 395 3154 falso
414 3110 464 3155 fic
483 3112 612 3163 dieta,
630 3127 749 3155 nemo
768 3113 954 3170 privatus
984 3114 1113 3156 teneri

292 3169 333 3213 se
351 3179 533 3227 putarer,
552 3171 653 3213 adeo
670 3169 894 3213 manifestis
914 3170 1024 3213 illius
1048 3173 1111 3214 vi-

293 3227 399 3282 tiis}
443 3230 591 3271 nedum
628 3237 674 3270 ut
710 3228 891 3271 consules
922 3229 963 3271 in
996 3239 1112 3271 tanto

290 3289 482 3329 omnium
504 3289 703 3329 bonorum
724 3286 912 3329 consensu
933 3288 1112 3330 tribuere

294 3343 358 3388 illi
377 3345 608 3402 quidquam
625 3346 834 3388 deberent.

307 3431 310 3434 ·
345 3405 416 3444 68.
430 3402 711 3454 ἐντανάκλασις]
727 3402 1005 3445 Commodum
1017 3404 1114 3460 qui-

293 3458 388 3503 dem
405 3461 499 3502 huic
515 3462 572 3503 rei
589 3461 773 3510 verbum,
789 3461 900 3517 quod
917 3460 1113 3503 reflexum

287 3518 407 3576 ⁴quast
428 3518 567 3560 sonum
589 3529 627 3561 et
647 3519 765 3561 Echo
785 3528 926 3562 notetz
959 3519 1022 3561 sed
1044 3535 1114 3562 ne-

290 3581 377 3634 'que
395 3576 585 3620 damnem
606 3577 854 3620 Gethanum
879 3575 982 3620 illud
1011 3578 1114 3618 ἀντε-

1096 2091 1117 2120 P
1142 2086 1234 2138 quae
1251 2083 1471 2131 ἅντεπὶδοσις
1491 2087 1543 2126 G.

864 2151 877 2169 ⁸
909 2143 1205 2193 dignum—aut
1223 2156 1292 2180 om.
1314 2141 1366 2179 G.

998 2203 1001 2212 ¹
1049 2202 1065 2221 Ζ
1096 2197 1163 2236 Sic
1182 2197 1234 2235 G.
1255 2203 1290 2233 et
1308 2194 1428 2234 MSS.
1442 2194 1545 2245 plur.
1567 2204 1630 2246 ap.
1650 2193 1745 2235 Bur'.
1764 2205 1800 2235 et
1820 2198 1912 2239 Obr.
1932 2199 2009 2237 dit*-

1689 2094 1709 2126 ‘1
1738 2103 1807 2128 om.
1828 2089 1878 2129 G.
1897 2089 2005 2129 Jens.

1527 2148 1539 2167 ²
1570 2141 1711 2180 eadem
1731 2143 1782 2181 G.
1803 2144 1909 2183 Jens.
1937 2153 2008 2182 aut

1178 2265 1198 2288 a
1223 2249 1399 2302 publicae
1417 2264 1485 2288 om.
1503 2251 1610 2289 Jens.

1184 2411 1337 2461 πίδοσις,
1353 2413 1463 2469 quod
1485 2413 1722 2456 incrementi
1744 2411 2008 2471 significatio-

1186 2484 1279 2512 nem
1330 2471 1470 2513 habet.
1531 2470 1772 2513 Proculeius
1825 2475 2007 2531 primum

1187 2530 1373 2584 queritur
1401 2532 1452 2572 de
1485 2529 1590 2580 filio,
1619 2529 1732 2587 quod
1752 2531 1802 2573 ·is
1831 2543 2008 2582 mortem

1189 2586 1301 2630 suam
1320 2589 1532 2646 exspeHet,
1552 2589 1702 2646 cupide
1730 2589 1945 2643 nimirum,
1965 2603 2007 2635 et

1187 2655 1331 2702 optet:
1364 2656 1486 2703 negat
1520 2646 1596 2688 hoc
1634 2645 1772 2689 filius:
1814 2648 1881 2691 hic
1910 2666 2008 2695 cum

1188 2701 1428 2747 incremento
1456 2704 1638 2761 quodam
1673 2707 1853 2749 occurrit
1881 2709 1934 2760 ei,
1967 2721 2007 2753 et

1190 2759 1263 2804 fibi
1301 2763 1418 2813 adeo,
1447 2762 1566 2805 immo
1597 2777 1708 2819 rogo,
1744 2765 1898 2822 inquit,
1931 2783 2008 2811 ex-

1175 2821 1350 2878 speHes,
1374 2836 1506 2878 neque
1532 2819 1667 2863 fatum
1696 2836 1833 2866 meum
1863 2829 2010 2882 praeci-

1190 2879 1313 2936 pites.
1359 2878 1575 2934 Anaclastn
1602 2889 1741 2930 vocat,
1762 2883 1837 2938 qui
1867 2885 2011 2927 eodem

1191 2937 1268 2980 hoc
1298 2938 1484 2996 exemplo
1512 2937 1717 2981 Proculeii
1745 2941 1896 2994 utitur,
1918 2943 2011 2987 Ru-

1190 2995 1307 3038 tilius
1327 3012 1371 3055 p.
1396 3012 1438 3047 2,
1459 2996 1576 3038 Pith.

1252 3056 1324 3109 69.
1348 3054 1747 3110 Amarijucundum]
1770 3057 1918 3100 Utitur
1934 3059 2012 3104 hoe

1191 3112 1379 3171 exemplo
1407 3114 1531 3155 etiam
1563 3113 1707 3155 anaor
1740 3115 1788 3156 ad
1827 3117 1930 3158 Her.
1965 3134 2012 3170 4,

1197 3186 1269 3222 14.
1309 3171 1384 3213 ubi
1419 3181 1555 3214 tamen
1574 3170 1850 3229 festivitatem
1879 3189 2012 3231 quan-

1193 3229 1289 3270 dam
1307 3228 1419 3285 ineffe
1437 3228 1528 3271 huic
1547 3244 1715 3286 quoque
1727 3231 1871 3286 generi
1890 3248 2015 3277 exor-

1194 3286 1370 3329 nationis
1400 3285 1490 3329 ait:
1538 3286 1640 3328 illud
1671 3288 1798 3330 etiam
1837 3290 2011 3334 alterum

1194 3344 1354 3387 Avium
1373 3345 1532 3387 dulcedo
1553 3345 1675 3388 habet
1695 3359 1740 3397 4,
1764 3361 1836 3389 21.
1875 3351 2014 3394 Verba

1195 3403 1318 3444 Hanc
1351 3402 1453 3459 reip.
1477 3403 1567 3444 sunt
1602 3403 1697 3445 Cic.
1735 3404 1832 3447 Cat.
1866 3422 1907 3457 1,
1940 3424 2011 3454 ιι.

1196 3461 1388 3518 Denique
1434 3461 1504 3504 Ex
1556 3469 1717 3507 oratore
1765 3472 1913 3508 arator
1961 3467 2014 3510 est

1196 3518 1310 3562 Phil.
1338 3534 1375 3572 3,
1400 3534 1439 3574 9.
