2320 4030
583 279 874 347 INSTIT.
909 292 1247 373 oRAToR.
1282 294 1422 343 LIB.
1457 293 1546 341 rx.
1580 308 1631 356 4.
1863 305 1963 361 137

0 383 26 554 d
393 433 439 494 O
445 434 773 508 fortunatam
795 442 967 511 natam
992 451 1067 484 me
1096 429 1547 507 Corfide-Romam.

156 561 228 616 42
248 547 425 602 Etiam
462 548 842 620 monosyllaba,
868 547 901 600 fi
928 546 1080 618 plura
1102 545 1224 598 sunt
1243 555 1284 610 ε,
1309 543 1449 598 male
1476 542 1931 596 continuabuntur
1955 565 1972 598 ι

287 620 376 674 uia
411 621 612 674 necefl'e
649 621 722 672 est
758 617 1072 690 compositio
1108 615 1293 670 multis
1329 615 1573 670 clausulis
1611 615 1819 668 concisa
1851 615 1976 667 sub-

247 639 426 746 ilultet.
503 690 739 762 Ideoque
776 689 940 742 etiam
978 688 1224 741 brevium
1269 689 1548 740 verborum
1591 705 1654 739 ac
1695 686 1978 739 nominum

250 762 465 816 vitanda
487 760 838 826 continuati0‚
865 770 922 813 et
957 778 1025 812 ex
1061 758 1262 811 diverso
1295 776 1512 830 quoque
1538 758 1858 829 longorum:
1899 757 1979 809 af-

251 834 430 888 ferunt
465 834 610 887 enim
650 831 934 904 quamdam
978 829 1190 884 dicendi
1230 829 1556 883 tarditatem.
1634 829 1733 882 Illa
1764 845 1979 900 quoque

251 905 386 958 vitia
422 907 544 959 sunt
586 902 818 975 ejusdem
859 902 990 968 loci,
1028 903 1063 955 fi
1103 900 1349 954 cadentia
1382 900 1617 953 {imiliter
1653 910 1710 953 et
1744 898 1980 954 fimiliter

252 976 558 1042 desinentia,
585 986 640 1029 et
675 975 866 1028 eodem
899 972 1064 1026 modo
1098 972 1385 1038 declinata,
1412 971 1627 1025 multad
1655 970 1978 1044 jungantur.

161 1061 230 1119 43
253 1048 414 1101 Nec⁸
449 1049 610 1101 verba
632 1047 850 1118 quidem
879 1044 1072 1110 verbis,
1099 1054 1192 1097 aut
1230 1044 1446 1096 nomina
1481 1042 1811 1106 nominibuS,
1837 1042 1979 1095 fimi-

252 1119 327 1175 lia
366 1118 469 1172 ue‘
508 1119 594 1172 his
633 1117 931 1171 continuari
972 1115 1160 1169 decet:
1219 1133 1343 1168 cum
1387 1115 1612 1168 virtutes
1653 1113 1814 1167 etiam
1857 1114 1981 1185 ipsae

253 1200 324 1244 tae
363 1190 478 1244 ium
517 1188 724 1275 pariant
739 1200 778 1256 g,
818 1187 909 1241 nifi
949 1187 1121 1260 gratia
1163 1186 1468 1239 varietatisb
1505 1185 1718 1258 adjutae.
1793 1185 1980 1239 Mem.

253 1263 492 1329 brorum,
519 1260 912 1332 mcisorumque
933 1258 946 1290 ἰ
973 1258 1228 1331 junemra
1251 1276 1358 1310 non
1384 1258 1481 1309 eo¹
1518 1256 1681 1309 modo
1705 1256 1776 1309 est
1798 1257 1980 1310 obser-

253 1333 444 1399 vanda,
472 1352 581 1406 quo
605 1334 909 1397 verborum,
935 1348 1264 1402 quamquam
1294 1338 1399 1381 etm
1436 1327 1490 1380 in
1531 1327 1617 1380 his
1655 1337 1892 1380 extrema
1924 1338 1983 1381 et

162 1418 238 1473 44
292 1405 427 1458 rima
449 1414 635 1457 coeunt.
698 1402 806 1457 Sed
829 1401 1118 1473 plurimum
1141 1401 1302 1454 refert
1325 1419 1424 1452 com
1459 1397 1687 1470 ositioni5‚
1713 1418 1835 1480 quae
1859 1399 1982 1470 qui-

295 1494 359 1530 us
389 1487 676 1547 anteponas
698 1483 739 1528 ¹¹.
810 1473 952 1528 Nam
980 1482 1055 1539 et,
1079 1492 1277 1525 vomens
1298 1471 1403 1544 fru
1446 1471 1486 1522 is
1511 1469 1782 1543 esculenta,
1807 1470 1986 1524 vinum

255 1546 602 1614 redolentibus,
633 1545 879 1620 gremium
900 1545 1055 1618 suum
1097 1555 1144 1597 et
1178 1553 1331 1597 totum
1365 1541 1593 1596 tribunal
1630 1540 1856 1614 implevit
1876 1564 1892 1596 .-
1930 1554 1992 1597 ει

313 1733 332 1755 ⁸
361 1744 432 1769 om.
453 1729 505 1768 G.

258 1783 410 1823 riantur
427 1784 478 1823 G.
497 1783 604 1823 Jens.

260 1843 293 1863 ¹¹¹
323 1852 395 1879 ont.
415 1837 467 1878 G.
484 1838 591 1878 Jens.

1331 1723 1351 1751 f
1376 1725 1521 1765 similia
1538 1710 1772 1778 quoqueG.

1205 1780 1215 1808 ῐ
1246 1781 1518 1832 vitiorumque
1539 1780 1592 1820 id.

613 1728 631 1756 ‘¹
662 1743 732 1770 om.
752 1729 803 1770 G.
912 1736 928 1755 θ
960 1728 1026 1767 Ne
1042 1727 1098 1768 G.
1115 1725 1223 1768 Jens.

731 1780 752 1812 Β
782 1782 956 1822 veritatis
972 1783 1078 1821 Jens.

700 1851 724 1875 n
751 1846 998 1890 anteponam
1020 1837 1073 1876 G.

1864 1731 1884 1759 ⁸
1914 1739 1986 1779 1³³-

1727 1782 1738 1807 ¹
1765 1781 1911 1827 eodem
1929 1783 1984 1826 Ο.

317 2000 395 2040 42.
425 1985 708 2045 monqffillaba]
733 1985 977 2029 observatio
990 1985 1078 2029 haec
1146 1985 1260 2054 stf’ae.
1303 1984 1516 2027 Nimirum
1548 1985 1697 2028 Cicero
1726 1985 1987 2043 compofitio·

261 2046 427 2090 Latinae
458 2056 499 2088 et
530 2045 692 2088 Graecae
718 2045 875 2102 linguae
895 2046 1080 2102 propria,

259 2104 366 2157 male
386 2105 439 2148 ad
457 2104 558 2147 alias
577 2104 810 2148 extenditur
829 2105 883 2146 ab
905 2103 960 2146 Is.
977 2103 1080 2145 Vos-

260 2162 317 2207 fio
353 2162 405 2206 de
440 2164 602 2205 viribus
640 2161 828 2220 rhythmi
865 2169 906 2203 et
956 2171 1082 2203 cantu

260 2236 390 2266 carm.
414 2237 458 2279 p.
479 2235 555 2273 42.
578 2223 628 2263 it.
655 2234 726 2274 50.
771 2221 836 2262 De
857 2219 1082 2262 Germani-

261 2294 312 2322 ca
344 2281 528 2337 itemque
561 2278 750 2336 Anglica
783 2277 900 2320 aliter
929 2277 965 2320 se
995 2292 1081 2320 rem

261 2339 426 2389 habere,
458 2337 645 2380 dubitari
682 2351 764 2379 non
800 2335 945 2394 potest.
994 2337 1080 2379 Ne-

262 2398 415 2440 minem
432 2396 540 2447 sane‚
557 2395 680 2438 etiam
701 2395 851 2437 Latine
870 2404 911 2436 et
931 2393 1083 2447 Graece

262 2455 449 2505 dostum,
468 2454 546 2496 hoc
575 2454 739 2496 nomine
760 2452 974 2495 offendunt
994 2467 1082 2495 ver-

263 2512 379 2557 siculi
408 2512 584 2555 Lutheri
606 2523 661 2554 'ex
688 2521 787 2553 noto
816 2511 994 2560 cantico,
1020 2510 1084 2554 Er

229 2578 234 2580 “
249 2569 407 2630 sprach
437 2584 496 2614 zu
529 2568 626 2620 mir,
646 2567 735 2611 halt
761 2567 851 2611 dich
878 2583 936 2610 an
959 2567 1082 2619 mich,

265 2629 324 2672 Es
341 2627 426 2687 soll
451 2628 522 2671 dir
550 2626 639 2670 iezt
664 2626 868 2684 gelingen,
889 2627 992 2685 quia
1028 2642 1082 2669 12

263 2686 543 2744 monosyllaba
559 2686 877 2729 continuantur..

323 2761 400 2799 43.
443 2753 634 2788 extrema
671 2749 713 2786 et
745 2742 893 2800 prima
920 2744 1081 2798 coeunt]

266 2803 470 2847 Extrema
503 2800 617 2846 incifi
647 2801 710 2845 vel
736 2802 912 2844 membri
932 2815 1085 2860 praece-

266 2862 402 2904 dentis
425 2861 677 2919 junguntur,
698 2870 739 2902 et
758 2861 818 2903 ita
842 2867 980 2902 coeunt
999 2861 1079 2917 pri·

268 2919 350 2962 mis
387 2918 498 2962 incifi
537 2918 600 2962 vel
638 2918 813 2961 membri
861 2917 1083 2974 sequentis.

269 2978 346 3022 Sed
366 2993 463 3020 cum
482 2987 621 3019 tamen
640 2976 863 3019 intercedat
879 2975 1089 3019 distinctio

268 3035 459 3094 quaedam
487 3034 565 3078 five
593 3034 730 3078 brevis
759 3033 898 3092 pausa,
919 3048 1001 3076 non
1026 3034 1087 3076 ita

268 3095 455 3145 sentitur,
475 3092 503 3136 fi
560 3093 634 3136 uid
662 3090 726 3136 vel
755 3094 1002 3148 geminetur,
1021 3091 1087 3134 vel

262 3153 460 3208 junaura
476 3152 530 3194 ob
549 3165 694 3194 cenum
714 3149 868 3192 sensum
887 3148 1056 3192 efficiat.

327 3225 403 3265 44.
433 3223 605 3252 vomens
619 3207 788 3267 frustis]
821 3210 887 3250 Ex
905 3207 1018 3251 Phil.
1042 3222 1086 3259 2,

270 3283 295 3311 2
303 3283 344 3323 5.
392 3269 476 3311 Hic
505 3266 708 3324 gremium
739 3266 846 3309 recie
875 3265 1087 3324 praecedit,

268 3326 468 3384 sequitur,
488 3325 600 3382 quod
629 3323 763 3367 multo
786 3325 920 3379 majus
939 3323 1008 3374 est,
1028 3330 1087 3365 to-

268 3393 355 3428 tum
381 3382 571 3427 tribunal
579 3401 593 3425 .-
626 3392 768 3425 contra
796 3382 834 3425 se
861 3396 923 3426 res
943 3381 1088 3432 habet,

270 3441 298 3486 fi
326 3442 522 3486 audimus
553 3441 748 3489 Fabium,
770 3441 812 3483 in
832 3439 1021 3497 proximo
1039 3453 1090 3482 ex

269 3511 376 3543 orat.
394 3515 470 3565 pro
489 3498 653 3542 Archia
671 3513 711 3541 c.
727 3501 770 3540 8.
788 3499 861 3540 ubi
878 3497 963 3555 post
969 3498 1091 3556 saxa

270 3568 312 3604 et
326 3556 563 3617 Jblttudines
584 3555 810 3614 sequuntur
835 3555 1002 3605 demum
1023 3553 1090 3606 be·

1159 2059 1226 2087 nis
1269 2042 1458 2086 decorem
1503 2043 1746 2087 antehabuit
1781 2058 1888 2087 verae
1918 2061 1986 2087 ra-

1161 2102 1284 2152 tioni,
1305 2116 1400 2159 quae
1420 2101 1512 2143 vult
1532 2102 1574 2144 id
1604 2101 1718 2158 quod
1740 2104 1912 2159 gravius
1931 2102 1987 2147 est

1160 2160 1365 2219 postponi.
1411 2161 1533 2203 Hanc
1562 2161 1686 2203 Fabii
1706 2170 1899 2213 mentem,
1919 2177 1985 2204 re-

1163 2228 1282 2276 cepta
1318 2218 1455 2261 adhuc
1493 2217 1665 2261 lectione
1705 2218 1985 2274 obscuratam,

1163 2277 1300 2319 multo
1327 2275 1508 2319 lucidius
1537 2276 1730 2334 exprimi,
1751 2276 1778 2319 fi
1807 2277 1990 2336 legatur,

1163 2344 1213 2378 ut
1249 2349 1358 2379 nunc
1394 2334 1828 2386 restituimus‚rnemo,
1849 2338 1988 2390 credo,

1164 2393 1350 2436 dubitat.
1397 2392 1474 2435 sed
1512 2392 1640 2435 levior
1673 2376 1757 2436 init
1791 2394 1987 2448 Tunius,

1164 2451 1192 2494 fi
1212 2467 1350 2494 rerum
1369 2460 1409 2493 et
1439 2453 1598 2494 naturae
1625 2451 1809 2494 ordinem
1835 2454 1990 2497 condo.

1164 2511 1281 2552 navit
1311 2509 1575 2566 crepitaculis
1605 2523 1901 2554 numerorum:
1932 2513 1988 2557 ad

1165 2568 1458 2625 ignoscendum
1485 2566 1624 2611 facilis
1655 2568 1988 2626 Qinffilianus,

1166 2625 1192 2669 fi
1233 2627 1310 2669 hoc
1351 2624 1516 2676 indulfit
1559 2625 1768 2670 Ciceroni.
1832 2629 1988 2673 Verum

1165 2685 1371 2727 enimvero
1406 2685 1494 2738 jam
1539 2683 1650 2727 vidit
1685 2684 1897 2729 Viaorius
1927 2689 1986 2739 V,

1165 2744 1222 2786 L.
1251 2759 1319 2796 13,
1344 2745 1414 2793 16,
1432 2742 1588 2792 verbis,
1603 2743 1726 2801 saxa
1744 2744 1867 2800 atque
1882 2745 1987 2801 Jbli-

1164 2800 1323 2844 tudines
1350 2799 1449 2846 voci
1472 2799 1720 2859 respondent,
1740 2815 1825 2844 non
1851 2804 1985 2859 majus

1166 2859 1368 2916 quiddam
1388 2867 1429 2901 et
1457 2857 1656 2902 illustrius
1685 2859 1902 2912 contineri,
1923 2861 1990 2906 sed
2032 2891 2037 2899 ,

1165 2917 1310 2964 minus,
1334 2916 1456 2975 longe
1476 2917 1549 2960 illo
1567 2916 1711 2968 altero,
1730 2916 1863 2975 hestiae
1877 2920 1988 3020 (epe

1168 2973 1394 3017 immanes.-
1426 2973 1551 3018 Prius
1579 2976 1688 3018 enim
1719 2975 1769 3018 ad
1790 2976 1878 3020 refu
1899 2988 1990 3022 tan-

1167 3043 1253 3075 tem
1271 3033 1386 3078 vocis
1398 3033 1623 3092 imaginem
1637 3034 1853 3092 pertinere,
1863 3050 1992 3093 quam

1167 3092 1270 3133 echo
1287 3105 1508 3145 vocamus5
1539 3091 1715 3134 alterum
1734 3092 1787 3135 ad
1806 3093 1992 3153 exempla

1169 3149 1387 3192 bestiarum
1406 3151 1532 3192 'cantu
1555 3150 1592 3192 ste
1610 3148 1810 3208 passarum
1829 3151 1991 3196 demul-

1169 3207 1269 3251 c'eri.
1310 3209 1483 3250 Fontem
1513 3208 1660 3251 erroris
1678 3207 1720 3250 in
1741 3209 1992 3267 Qinffilia-

1169 3279 1224 3307 no
1242 3279 1325 3307 non
1353 3265 1503 3323 aperit,
1529 3280 1653 3323 quem
1710 3267 1865 3310 utarim
1894 3283 1993 3321 eum

1170 3322 1259 3374 effe,
1273 3322 1382 3379 quod
1405 3323 1561 3381 Orphei
1580 3321 1681 3367 fabu
1701 3338 1766 3367 am
1786 3338 1870 3382 prae
1890 3319 1992 3370 ocu-⁴

1169 3380 1222 3423 lis
1251 3379 1368 3428 fuisse
1399 3381 1592 3425 Ciceroni
1621 3381 1803 3440 putavit,
1821 3383 1899 3426 non
1922 3383 1991 3428 be-

1154 3437 1265 3497 stias
1293 3439 1404 3482 modo
1438 3439 1692 3483 carminibus
1715 3439 1816 3490 suis,
1835 3455 1990 3486 verum

1169 3495 1296 3540 etiam
1300 3498 1418 3555 saxa
1429 3505 1470 3539 et
1475 3496 1617 3551 filvas
1627 3497 1825 3541 trahentis
1837 3516 1851 3553 3
1871 3500 1991 3556 cujus

1171 3564 1310 3602 tamen
1327 3553 1490 3613 nullum
1509 3554 1578 3606 hic
1599 3555 1816 3620 vestigium
1834 3555 1905 3608 est.
