2320 4030
552 313 832 366 INSTIT.
867 312 1205 362 ORATOR.
1241 313 1381 364 LIB.
1416 315 1507 363 XI.
1534 331 1583 376 3.
1791 340 1793 343 ·
1838 316 1938 382 269

207 450 358 522 quod
412 450 799 504 Demosthenes
847 460 912 504 ut
943 450 1207 515 -efficeret,
1256 448 1511 505 scandens
1558 450 1613 503 in
1662 450 1936 507 adversum

210 521 558 575 continuabat
581 541 744 593 quam
779 521 943 592 poffet
965 520 1221 592 plurimos
1250 521 1444 573 versus.
1521 522 1695 588 Idem,
1722 541 1830 595 quo
1854 523 1936 577 fa-

210 591 371 646 essius
393 594 552 646 verba
576 610 665 645 ore
690 592 858 645 libero
888 592 1229 663 exprimeret,
1256 590 1487 644 calculos
1510 590 1701 663 lingua
1725 594 1941 648 volvens

121 668 190 726 55
213 662 391 716 dicere
416 663 565 716 domi
586 663 804 716 solebat.
878 663 964 715 Est
988 661 1203 714 interim
1230 672 1285 714 et
1312 662 1526 734 longus,
1553 675 1612 716 et
1649 663 1858 735 plenUS‚
1884 677 1940 718 et

187 782 190 783 γ
213 733 390 787 clarus
409 734 530 799 satis
553 733 780 805 spiritus,
808 751 915 786 non
940 743 1120 785 tamen
1156 731 1319 784 firmae
1355 733 1687 799 intentioniS,
1714 734 1942 806 ideoque

213 805 475 859 tremulus
492 824 509 857 ε
549 815 612 858 ut
646 821 882 874 corpora,
909 822 1029 876 quae
1069 802 1281 873 aspectu
1304 803 1530 876 integra,
1557 805 1731 857 nervis
1756 823 1941 876 parum

212 875 545 929 sustinentur.
620 874 686 927 Id
725 873 1422 946 sspoiyxorGraeci'yocant.
1497 876 1636 928 Sunt
1665 876 1760 946 qui
1793 876 1942 948 spiri-

214 956 334 999 tum
376 964 504 1000 cum
545 945 763 1000 stridore
797 962 894 1017 per
928 945 1199 998 raritatem
1236 944 1481 998 dentium
1518 964 1626 998 non
1658 947 1944 1020 recipiunt,

213 1016 307 1070 fed
346 1017 635 1071 resorbent.
709 1017 857 1069 Sunte
887 1015 982 1087 qui
1028 1016 1213 1068 crebro
1256 1017 1521 1082 anhelitu,
1566 1027 1623 1069 et
1665 1018 1947 1074 introrsum

215 1088 384 1141 etiam
417 1087 556 1141 clare
579 1089 815 1150 sonante,
843 1085 1123 1140 imitentur
1147 1086 1396 1158 jumenta
1430 1105 1592 1142 onere
1617 1099 1670 1141 et
1697 1087 1839 1161 jugo
1863 1089 1944 1142 la-

125 1154 203 1224 56
217 1158 480 1213 borantia.
553 1157 720 1214 Quod
754 1157 1002 1210 affectant
1033 1176 1273 1230 quoque,
1313 1168 1586 1229 tamquam
1624 1159 1949 1214 inventionis

217 1230 373 1302 copia
403 1239 716 1302 urgeantur,
742 1228 1017 1301 majorque
1051 1228 1131 1282 vis
1164 1228 1488 1301 eloquentiae
1525 1229 1763 1302 ingruat,
1788 1249 1951 1302 quam

217 1319 343 1373 quae
380 1301 594 1354 emitti¹¹
633 1299 879 1354 faucibus
910 1299 1082 1370 poflit.
1157 1299 1247 1352 Est
1280 1299 1399 1352 aliis
1430 1301 1713 1354 concursus
1743 1303 1871 1368 oriS,
1895 1314 1954 1356 et

219 1390 349 1425 cum
388 1371 563 1426 verbis
604 1371 710 1424 suis
751 1369 1063 1424 colluctatio
1082 1373 1123 1422 ⁰.
1196 1372 1318 1424 Jam
1362 1370 1556 1437 tussire,
1599 1381 1657 1424 et
1704 1373 1952 1444 exspuere

218 1443 426 1509 crebro,
449 1452 504 1496 et
525 1442 593 1495 ab
618 1441 730 1494 imo
754 1441 1012 1513 pulmone
1034 1440 1283 1512 ptuitam
1308 1441 1563 1494 trochleis
1587 1441 1871 1509 adducere,
1897 1455 1955 1497 et

219 1513 343 1567 oris·
359 1514 586 1567 humore
603 1523 625 1555 Ρ
661 1511 933 1584 proximos
953 1511 1215 1587 spargere,
1243 1521 1300 1566 et
1334 1511 1591 1584 majorem
1617 1523 1821 1585 partem
1846 1514 1952 1586 spi-

219 1584 358 1639 ritus
394 1585 454 1638 in
485 1583 790 1657 eloquendo
824 1601 919 1654 per
952 1601 1102 1636 nares
1138 1582 1430 1650 effundere,
1457 1584 1656 1637 etiamsi
1695 1604 1802 1638 non
1840 1586 1953 1639 uti-

162 1681 170 1690 ·
221 1674 334 1727 que
351 1655 499 1710 vocis
521 1656 643 1710 sunt
665 1654 828 1719 vitia3
867 1653 996 1725 quia
1028 1663 1207 1706 tamen
1231 1665 1445 1726 propter
1467 1673 1656 1708 vocem
1671 1655 1954 1723 accidunt,

126 1731 198 1788 57
259 1726 547 1780 otiffimum
580 1725 709 1780 huic
741 1724 864 1778 loco
897 1723 1261 1796 subjiciantur.
1336 1726 1445 1779 Sed
1476 1725 1861 1799 quodcumque
1887 1746 1957 1781 ex

263 1797 308 1851 is
336 1797 532 1851 vitium
551 1795 726 1869 magis
762 1794 998 1860 tulerim,
1025 1814 1208 1867 quam,
1234 1814 1344 1868 quo
1379 1814 1524 1854 nunc
1550 1797 1780 1850 maxime
1804 1798 1958 1852 labo-

221 1879 368 1922 ratur
401 1868 455 1921 in
485 1868 669 1922 cauflis
693 1866 944 1920 omnibus
978 1865 1291 1938 scholisque,
1318 1867 1605 1920 cantandi:
1646 1867 1794 1939 quod
1828 1869 1955 1923 inu-

214 1939 374 1993 tilius
410 1940 508 2005 fit,
534 1958 600 1993 an
638 1938 854 2003 foedius,
895 1936 1088 1990 nescio.
1123 1948 1126 1949 ’
1164 1938 1318 1992 Quid
1357 1934 1500 1992 enim
1546 1938 1724 1991 minus
1762 1940 1958 1993 oratori

225 2011 496 2076 convenit,
524 2027 689 2083 quam
717 2007 1017 2061 modulatio
1039 2008 1265 2075 scenica,
1293 2019 1350 2062 et
1381 2027 1788 2081 nonnumquam
1814 2011 1960 2064 ebri-

135 2075 206 2144 58
226 2100 381 2135 orum
429 2091 524 2136 aut
570 2078 1055 2134 commiffantiumq
1105 2079 1343 2134 licentiae
1387 2080 1606 2132 similis?
1668 2081 1820 2135 Quid
1863 2100 1958 2135 ve-

225 2171 293 2206 ro
311 2153 592 2207 movendis
616 2151 892 2204 affectibus
924 2150 1250 2204 contrarium
1273 2151 1468 2223 magiS,
1493 2169 1676 2223 quam,
1701 2170 1829 2205 cum
1855 2152 1959 2206 do-

226 2223 472 2291 lendum,
517 2221 866 2287 irascendum,
910 2219 1322 2294 indignandum,
1361 2222 1839 2277 commiserandum
1880 2225 1961 2291 fit,

283 2398 305 2422 ὓ
333 2393 502 2433 immitti
520 2393 572 2432 G.
732 2397 755 2419 ⁰
780 2388 992 2430 collutatio
1009 2389 1032 2428 J
1035 2389 1118 2430 ens.

233 2445 287 2486 G.
304 2447 411 2486 leus.

1279 2394 1301 2424 P
1326 2391 1518 2431 humores
1538 2391 1590 2432 id.
1749 2399 1773 2432 <1
1796 2394 1962 2435 comeff.

296 2595 367 2635 54.
397 2579 697 2638 Demosthenes]
732 2580 798 2623 De
823 2579 943 2635 cujus
963 2579 1056 2624 aliis

233 2638 596 2683 exercitationibus
616 2639 706 2681 vid.
729 2637 779 2680 ad
806 2652 875 2689 io,
891 2648 941 2691 ’3,
962 2653 986 2679 2
994 2652 1036 2691 5.

297 2711 320 2750 5
327 2710 369 2750 5.
417 2696 597 2750 Βράγχον]
642 2698 779 2756 Qem
811 2696 871 2738 ita
907 2695 1058 2738 descri-

236 2753 344 2797 bunt
363 2755 540 2804 Medici,
558 2769 602 2797 v.
625 2769 668 2812 g.
701 2754 904 2796 Gorraeus
926 2755 967 2797 in
987 2754 1058 2796 de-

236 2811 513 2864 finitionibus,
542 2822 592 2854 ut
622 2812 912 2854 obscuritatem
940 2812 1056 2855 vocis

237 2882 265 2911 a
290 2871 420 2913 nimio
438 2869 609 2914 humore
635 2869 821 2913 faucium
839 2877 973 2911 ortam
993 2869 1052 2912 in-

1138 2579 1238 2622 sbnu
1286 2571 1481 2636 explicat,
1519 2579 1688 2623 laudato
1735 2583 1962 2641 Hesychio,

1137 2636 1249 2694 apud
1271 2651 1397 2692 quem
1425 2639 1572 2694 Βρᾳχεῖν
1602 2639 1656 2682 est
1674 2643 1825 2692 ἢχῆσαι,
1846 2641 1964 2692 4045?-

1138 2710 1218 2734 σαι.
1248 2695 1362 2754 Qid
1381 2693 1409 2737 si
1427 2696 1557 2752 igitur
1574 2697 1737 2751 βραγμός
1754 2695 1802 2738 fit
1820 2697 1960 2750 sonus,

1137 2750 1301 2807 qualem
1330 2753 1398 2795 hic
1426 2752 1619 2795 describit
1647 2754 1820 2805 Fabius,
1855 2771 1962 2812 qua·

1138 2808 1267 2865 lisque
1301 2824 1325 2851 a
1360 2810 1518 2868 figlinis
1549 2810 1704 2854 vitiofis
1735 2824 1777 2853 et
1813 2813 1963 2858 rimam

1139 2868 1359 2922 agentibus
1390 2869 1505 2910 reddi
1538 2867 1672 2912 solet?
1717 2869 1833 2913 Mihi
1865 2872 1965 2928 qui-

238 2927 491 2986 telligamuS.
534 2930 674 2987 Qam
694 2941 789 2970 vero
808 2925 885 2968 hoc
906 2926 958 2968 ad
977 2928 1011 2970 F
1014 2941 1058 2968 a·

238 2986 405 3028 bianam
452 2986 762 3045 descriptionem
806 2982 972 3035 faciat,-
995 2984 1057 3027 vel

237 3044 322 3086 non
340 3042 466 3087 faciat
488 3045 645 3102 potius,
663 3051 848 3103 apparet.
880 3043 1059 3098 Longum

240 3102 364 3151 mim,
396 3101 577 3159 plenum,
618 3101 774 3146 clarum
820 3101 1058 3158 praesertim,

240 3161 358 3204 rauci
388 3160 578 3218 spiritum
612 3161 707 3217 quis
743 3159 926 3202 dixerit?
976 3159 1060 3200 Vix

242 3216 581 3276 igitur-arbitror
607 3219 765 3272 Bpe'syxov
783 3216 855 3260 effe
885 3215 938 3257 ab
961 3229 1059 3258 auc-

243 3285 330 3318 tore
347 3293 378 3325 ι,
403 3275 506 3333 quid
541 3289 639 3319 vero
677 3274 863 3333 scripsisse
900 3282 1058 3331 putem,

241 3348 323 3377 non
343 3347 462 3390 aeque
478 3333 616 3377 video.
666 3332 798 3390 Apud
826 3333 1060 3389 Hippocra-

243 3398 326 3434 tem
364 3391 492 3449 Epid.
534 3407 578 3444 7,
621 3402 691 3439 ιι,
729 3389 780 3433 de
822 3388 1062 3446 Harpalidis

246 3448 413 3492 auclore
449 3449 661 3503 ιωναγχικός
705 3447 942 3501 &pyxidas-3
987 3461 1061 3504 pro

243 3508 330 3563 quo
358 3506 551 3560 βςαγμῶδη
571 3503 644 3547 esse
673 3504 715 3545 in
744 3503 871 3546 MSS.
897 3503 1063 3546 testatur

240 3563 419 3615 roefius,
450 3572 490 3607 et
522 3562 572 3606 de
606 3561 770 3605 stridore
797 3561 993 3620 quodam,
1024 3568 1064 3604 et

1138 2927 1231 2967 dem
1253 2940 1295 2968 n.
1318 2925 1350 2969 l.

1203 2985 1273 3036 56.
1319 2983 1527 3042 concursus
1555 2983 1658 3043 oris]
1703 2985 1830 3028 Hunc
1861 2986 1961 3035 satis

1138 3039 1327 3083 videmur
1359 3043 1615 3099 interpretati
1647 3042 1699 3085 ad
1737 3058 1808 3095 10,
1838 3061 1882 3098 7,
1915 3051 1959 3090 8.

1140 3098 1262 3141 Add.
1287 3114 1358 3149 11,
1383 3113 1424 3152 3,
1449 3114 1548 3141 121.

1202 3158 1274 3209 56.
1299 3156 1507 3214 proximos
1510 3157 1733 3215 spargere]
1770 3158 1886 3202 Able
1941 3171 1963 3205 t

1140 3229 1216 3257 nos
1249 3214 1318 3257 hic
1354 3215 1619 3257 Burmannus
1647 3216 1699 3257 ad
1730 3215 1861 3259 suain
1920 3235 1964 3261 e-

1142 3281 1253 3315 tron.
1291 3286 1331 3314 c.
1372 3287 1432 3325 44
1474 3272 1701 3323 observata,
1741 3282 1781 3315 et
1821 3275 1959 3320 Schol.

1143 3330 1362 3388 Aristoph.
1383 3329 1544 3373 Achar.
1572 3345 1702 3386 1149.

1206 3402 1276 3442 57.
1318 3387 1536 3441 cantandi]
1583 3387 1686 3430 Vid.
1722 3386 1775 3429 ad
1813 3404 1884 3440 11,
1920 3407 1962 3444 ι,

1149 3449 1220 3501 56,
1240 3445 1316 3488 ubi
1344 3446 1468 3487 etiam
1499 3446 1711 3490 Ciceronis
1737 3460 1761 3489 e
1780 3447 1904 3505 Lycia
1922 3457 1964 3493 et

1111 3516 1116 3521 ’
1147 3501 1277 3547 Caria
1291 3501 1484 3547 rhetores.
