2320 4030
612 265 896 320 1NsT1T.
931 265 1276 316 ORATOR.
1311 266 1451 315 ΜΒ.
1474 268 1615 318 vm.
1640 268 1688 319 6.
1947 279 2020 336 ‘55-

181 413 251 458 12
274 402 345 455 Et
380 401 475 455 illa
502 401 799 469 Ciceronis,
830 403 971 485 Quid
1001 403 1127 457 enim
1152 413 1267 456 tuus
1293 401 1399 468 ille,
1427 403 1639 465 Tubero,
1667 403 2020 476 dqstriHuS-in-

271 473 380 526 acie
403 474 698 546 Phavsalica
712 476 924 548 gladzus
947 474 1132 546 agebat
1154 477 1187 526 ?
1225 474 1377 546 Cujus
1401 474 1533 526 latus
1558 475 1646 526 ille
1681 496 1842 529 mucro
1859 484 2000 547 pete-

271 541 405 597 bat?
439 547 710 628 quisbrffus
734 555 843 598 erat
870 555 1338 600 armorum-tuorum
1356 546 1390 598 ἒ
1421 545 1748 618 Duplicatur
1785 547 2002 602 interim

267 613 387 670 haec
411 627 579 671 virtus
602 616 744 689 apud
765 616 1079 688 Virgilium,
1173 628 1185 631 *

648 731 953 804 Ferrumque
976 751 1174 785 armare
1195 751 1400 795 veneno.

177 834 241 902 1‘3
266 830 411 884 Nam
448 841 506 885 et
540 840 763 885 ‘venenog
797 848 1015 895 armare,
1041 840 1097 885 et
1111 830 1326 902 firrumff
1356 850 1570 896 armare,
1595 831 1865 886 transsatio
1904 834 1996 888 est.

267 902 528 956 Secantur
562 903 680 955 haec
716 904 772 955 in
846 902 1020 956 lures:
1060 913 1126 955 ut
1168 921 1201 954 a
1234 901 1477 955 rationali
1519 902 1587 955 ad
1627 904 1917 969 rationale,
1943 915 2016 958 et·

264 972 413 1028 idem
453 974 522 1028 de
564 974 813 1028 irrationa
834 975 975 1039 ibus,
1001 983 1058 1027 et
1096 973 1258 1026 haech
1295 973 1548 1040 invicem,
1577 975 1780 1046 quibus
1814 975 1996 1028 fimilis

264 1045 399 1099 ratio
434 1047 525 1111 est,
551 1056 608 1099 et
648 1065 681 1099 a
716 1056 856 1111 toto,
884 1056 939 1099 et
976 1063 1008 1097 a
1045 1045 1304 1116 partibus.
1379 1045 1486 1098 Sed
1514 1045 1632 1118 jam
1668 1065 1778 1099 non
1815 1047 1997 1118 pueris

263 1117 623 1187 praecipimuS,
665 1127 747 1183 ut,
786 1127 1011 1189 accepto
1043 1134 1260 1187 genere,
1297 1115 1498 1188 species
1543 1116 1850 1188 intelligere
1886 1136 2012 1171 non-

169 1201 246 1257 14
266 1188 476 1268 poffint.
554 1190 634 1241 Ut
669 1187 912 1241 modicus
949 1198 1132 1240 autem
1167 1199 1327 1259 atque
1359 1197 1692 1259 opportunus
1722 1188 1837 1241 e‘us
1873 1189 1998 1245 usus

261 1257 484 1312 illustrat
505 1259 798 1313 orationem
820 1280 833 1310 ε
859 1259 934 1312 ita
956 1258 1034 1312 fre
1075 1276 1205 1311 uens
1223 1269 1279 1311 et
1303 1259 1567 1325 obscurat,
1588 1270 1643 1312 et
1659 1269 1728 1316 tae
1769 1260 1822 1312 io
1841 1278 2017 1312 com--

261 1329 376 1400 plet
398 1351 411 1383 :
442 1331 733 1385 continuus
757 1348 879 1384 vero
904 1330 960 1382 in
986 1330 1042 1382 al
1062 1330 1280 1402 egoriam
1304 1340 1360 1382 et
1382 1331 1660 1402 aenigmata
1683 1331 1812 1384 exit.
1856 1333 1999 1386 Sunt

169 1440 185 1467 .
300 1403 509 1455 uaedam
534 1402 695 1455 etiam
724 1401 956 1455 humiles
979 1401 1343 1455 transsationes
1367 1421 1379 1454 :
1419 1413 1484 1454 ut
1506 1402 1581 1468 id,
1609 1402 1677 1455 de
1694 1420 1804 1474 quo
1829 1403 1998 1456 modo

174 1486 239 1544 15
261 1419 395 1539 dixi,
424 1474 592 1527 Saxea
616 1473 680 1546 est
701 1493 932 1527 verruca.
993 1474 1066 1526 Et
1089 1472 1332 1526 sordidae.
1366 1500 1375 1509 ³
1391 1473 1520 1528 Non
1543 1473 1710 1539 enim,
1739 1474 1772 1527 fi
1799 1473 1998 1527 Cicero

262 1545 410 1598 reete
429 1545 687 1616 fintinam
725 1545 917 1617 reipub.
944 1544 1100 1611 dixit,
1138 1543 1441 1598 foeditatem
1473 1544 1757 1598 hominum
1795 1545 1997 1618 fignifi-

260 1634 404 1680 canS,
443 1616 644 1670 idcirco
681 1617 901 1690 probem
927 1615 1062 1669 illud
1097 1634 1316 1688 quoque
1347 1616 1546 1670 veteris
1584 1616 1804 1670 oratoris
1810 1655 1827 1682 ,
1868 1619 1996 1670 Per-

209 1742 217 1747 ,
241 1687 444 1760 sccussz‘
490 1689 683 1761 reipub.
734 1688 968 1741 vomicas.
1062 1686 1394 1759 Optimeque
1438 1687 1634 1747 Cicero
1675 1688 2014 1742 demonstrat-

260 1759 578 1826 cavendum,
602 1778 670 1812 ne
695 1760 756 1813 fit
779 1758 1036 1813 deformis
1059 1759 1361 1812 transsatio:
1401 1759 1577 1830 qualis
1601 1760 1672 1812 est
1703 1763 1851 1829 (nam
1875 1755 1998 1832 ipfis

260 1829 374 1901 ejus
409 1842 530 1885 utar
565 1829 1163 1902 exemplisyC'cgstratam
1195 1841 1346 1882 morte
1379 1829 1623 1903 Africani
1659 1831 1879 1902 rempub.
1921 1841 1998 1898 et,

171 1903 240 1955 16
263 1902 458 1957 Stercus
483 1904 639 1955 curiae
664 1903 949 1956 Glauciam.
1023 1903 1115 1954 Ne
1140 1901 1310 1954 nimio
1336 1903 1540 1974 major:
1579 1911 1690 1969 aut,
1718 1902 1865 1974 quod
1900 1901 2010 1959 sae-..

255 1973 379 2045 pius
415 1974 631 2041 accidit,
658 1975 853 2028 minor.
928 1974 1020 2027 Ne
1042 1972 1303 2027 diffimilis
1326 1993 1340 2026 ε
1382 1991 1613 2045 quorum
1639 1974 1882 2046 exempla
1906 1975 2008 2027 ni-2

255 2045 432 2098 mium
470 2046 776 2118 frequenter
814 2044 1198 2117 deprehendet,
1225 2045 1318 2116 qui
1353 2044 1529 2098 scierit
1564 2044 1683 2098 haec
1709 2045 1837 2101 vitia
1872 2045 1998 2106 effe.

259 2117 365 2170 Sed
402 2128 458 2170 et
484 2119 639 2190 copia
664 2135 881 2190 quoque
907 2116 1129 2170 modum
1156 2115 1355 2189 egreffa
1378 2115 1565 2170 vitiosa
1601 2117 1693 2182 est,
1725 2117 1996 2188 praecipue

168 2199 232 2258 17
257 2187 314 2242 in
340 2188 526 2242 eadem
553 2189 743 2260 specie.
805 2190 942 2242 Sunt
967 2198 1021 2240 et
1043 2187 1208 2254 durae,
1237 2187 1296 2242 id
1320 2188 1411 2255 est,
1437 2206 1470 2242 a
1490 2187 1787 2261 longinqua
1810 2187 1994 2243 fimili-

256 2258 443 2329 tudine
469 2260 678 2315 duE'cae:
717 2270 801 2327 ut,
831 2259 1022 2334 Capitis
1046 2260 1209 2326 niveS,
1236 2268 1311 2327 et,

469 2359 672 2432 Jupiter
695 2358 927 2412 hibernas
952 2379 1080 2412 cana
1103 2358 1223 2413 nive
1246 2341 1462 2432 corffu'it
1484 2359 1662 2433 Alpes·

256 2472 321 2526 In
346 2471 445 2525 illo
465 2489 590 2525 vero
609 2470 909 2595 plurimum
935 2470 1145 2536 erroriS,
1172 2469 1320 2543 quod
1345 2489 1428 2537 ea,
1450 2490 1571 2544 quae
1595 2467 1778 2544 poetis*
1795 2473 1913 2546 (qui
1938 2485 2004 2530 et.

253 2544 435 2597 omnia
452 2543 520 2596 ad
540 2561 608 2596 vo
632 2553 869 2614 uptatem
885 2541 1136 2609 referunt,
1154 2554 1211 2603 et
1233 2541 1463 2614 plurima
1481 2553 1686 2598 vertere
1701 2545 1862 2598 etiam
1884 2546 1995 2618 ipsa

252 2615 415 2673 metri
426 2626 438 2648 ¹
454 2615 754 2669 necestitate
771 2616 1063 2686 coguntur)
1069 2613 1320 2686 permissa
1331 2613 1471 2683 sunt,
1480 2616 1763 2670 convenire
1772 2616 1994 2690 quidam

308 2788 329 2816 ⁸
359 2795 566 2824 venenum
583 2795 739 2824 amiate
757 2784 906 2824 ferrum
924 2791 964 2824 et
982 2784 1088 2825 Jens.
1109 2784 1282 2839 mendose.
1403 2781 1427 2815 h
1439 2839 1442 2841 ‚
1454 2786 1534 2825 hoc
1551 2785 1659 2827 Jens.
1695 2805 1699 2811 ·
1783 2784 1798 2813 ¹
1828 2789 1993 2830 mentiri

253 2834 331 2911 δὴ

315 2990 386 3029 ¹3·
416 2988 449 3016 a
467 2981 562 3026 toto,
581 2983 622 3019 et
649 2989 680 3017 a
693 2974 904 3032 partibus]
937 2975 1076 3019 Nimi-
1224 2989 1294 3028 17.
1318 2975 1477 3035 Capitis
1485 2975 1630 3031 nives]
1654 2977 1758 3020 Sunt
1774 2978 1880 3021 Hor.
1900 2978 1990 3023 Od.

249 3047 345 3078 rum
372 3042 505 3076 totam
533 3033 810 3092 synecdochen
827 3034 1080 3092 metaphorae
1159 3046 1207 3086 4,
1230 3049 1248 3076 ι
1262 3049 1302 3087 3,
1323 3050 1393 3078 12.
1444 3036 1533 3078 Nec
1555 3032 1690 3086 illum,
1710 3046 1831 3094 put0,
1852 3050 1990 3093 repre-

251 3105 551 3148 nonnunquam
580 3091 806 3147 subjiciunt
834 3093 1016 3150 antiqui,
1038 3102 1080 3135 et
1159 3091 1303 3135 hendit
1334 3093 1658 3153 Qinffilianus,
1690 3094 1755 3138 sed
1785 3093 1813 3136 fi
1841 3096 1916 3151 qui
1947 3095 1993 3147 in

251 3149 336 3207 ipse
369 3149 629 3194 Aristoteles.
689 3150 792 3194 Vid.
817 3149 927 3194 Voss'.
959 3164 1004 3203 4,
1036 3153 1081 3203 6,
1161 3149 1293 3192 soluta
1312 3153 1498 3194 oratione
1525 3151 1577 3194 fic
1611 3150 1850 3209 loquantur.
1914 3153 1999 3196 In-⁴

256 3222 300 3251 1.
1161 3209 1284 3252 terim
1317 3210 1360 3252 in
1393 3210 1619 3253 nostrorum
1658 3210 1874 3253 hominum
1908 3211 1992 3262 ser-

316 3280 389 3317 14·
419 3266 562 3323 dequo
579 3266 691 3309 modo
706 3265 820 3320 dixi]
856 3268 898 3316 8,
923 3281 963 3320 3,
984 3267 1059 3319 48.
1160 3280 1282 3309 mone
1314 3267 1393 3310 hoc
1428 3267 1600 3312 evaluit.
1663 3267 1776 3311 Illud
1814 3265 1994 3319 alterum

316 3340 388 3378 15.
411 3323 620 3380 fintinam
646 3322 776 3380 reip.]
809 3323 941 3367 Catil.
970 3340 1011 3376 1,
1035 3338 1078 3379 5.
1161 3324 1212 3366 de
1232 3324 1352 3378 Jove
1370 3325 1507 3383 Alpes
1535 3328 1767 3385 conspuente
1796 3326 1849 3369 est
1868 3329 1995 3371 Furii·

254 3390 359 3432 etz,
379 3398 424 3436 4.
962 3389 991 3433 J
1161 3383 1377 3434 Bibaculi,
1407 3385 1462 3425 ab
1492 3386 1669 3427 Horatio
1696 3383 1812 3428 deris·
1833 3386 1917 3428 Sat.
1943 3396 1989 3440 2,

317 3455 334 3481 1
347 3454 388 3494 5.
419 3439 556 3484 Cicero
572 3437 836 3499 demonstrat]
869 3439 935 3484 De
955 3441 1078 3486 Omt.
1166 3455 1212 3495 5,
1232 3455 1308 3494 41,
1329 3451 1377 3485 ut
1400 3442 1459 3487 ibi
1479 3456 1552 3488 uos
1574 3442 1800 3500 scholiastes
1819 3443 1957 3488 docet.

248 3512 301 3560 ,3)
316 3512 398 3558 4-1·

1188 3572 1223 3610 Ε
1249 3572 1286 3625 4
