2320 4030
229 1586 296 1642 28
318 1591 426 1646 vidi
449 1599 469 1621 ⁰
498 1594 712 1647 debeat.

653 314 942 368 INSTIT.
976 315 1324 367 ORATOR.
1359 317 1501 367 LIB.
1534 315 1628 367 XI.
1656 332 1704 367 2.

1935 329 2048 383 251

316 447 457 517 sane,
482 459 546 504 ut
585 451 681 526 qui
721 453 862 508 notis
893 452 1150 520 scribunt,
1186 462 1358 507 certas
1400 452 1664 525 imagines
1701 453 1967 520 omnium,
1992 464 2051 511 et

256 551 259 553 ·
313 520 439 575 loca
473 523 677 578 scilicet
700 524 926 591 infinita,
952 543 1045 597 per
1068 544 1191 598 quae
1214 525 1394 590 verba,
1419 522 1544 596 quae
1569 525 1690 576 sunt
1714 524 1770 576 in
1809 525 2051 598 quinque

319 597 772 649 contra'Verrem
817 596 1061 649 secundae
1103 592 1327 649 actionis
1373 595 1544 661 libris,
1589 595 1941 667 explicentur,
1986 608 2052 650 ut

318 665 723 720 meminerimus
770 667 934 720 etiam
979 667 1223 720 omnium
1274 666 1415 739 quafi
1459 666 1811 737 depositorum
1837 685 1877 731 :-
1908 685 2048 719 non-

320 755 389 789 ne
424 737 672 808 impediri
697 737 915 810 quidem
945 755 1153 805 eorum,
1179 756 1299 808 quae
1324 736 1457 790 dicit
1473 749 1518 802 g,
1544 737 1822 791 decursum
1850 739 2052 796 neceffe

217 802 296 858 „26
319 809 390 860 est
414 807 615 879 duplici
639 809 910 863 memoriae
936 826 1076 862 ‚cura
1097 811 1115 862 ἒ
1157 810 1304 862 Nam
1342 827 1452 880 quo
1489 808 1652 861 modo
1678 819 1930 881 poterunt
1953 827 2049 863 co-

317 879 502 950 pulata
537 880 720 946 fluere,
748 881 780 934 fi
821 890 1034 952 propter
1071 880 1277 953 singula
1309 881 1470 934 verba
1499 879 1566 932 ad
1602 880 1830 951 singulas
1854 879 2052 934 formas

315 949 703 1022 respiciendum
729 951 830 1004 erit
851 954 868 1005 ?
900 953 1083 1005 Quare
1108 963 1164 1005 et
1188 950 1555 1005 Charmadash
1580 962 1635 1004 et
1660 951 1930 1024 Scepfius³
1964 952 2056 1022 (de

316 1040 428 1093 quo
461 1022 625 1075 modo
658 1022 793 1088 dixi)
838 1023 1205 1089 MetrodoruS,
1232 1041 1371 1096 quos
1411 1023 1604 1076 Cicero
1635 1022 1771 1076 dicit
1800 1024 1920 1076 usos
1951 1023 2053 1076 hac

317 1093 716 1161 exercitatione,
743 1094 836 1147 fibi
860 1094 1093 1148 habeant
1118 1094 1247 1148 sua:
1288 1112 1385 1147 nos
1413 1093 1731 1165 simpliciora
1759 1094 2051 1148 tradamus,

226 1170 294 1227 27
320 1165 376 1218 Si
416 1164 631 1237 longior
669 1164 1075 1238 complectenda
1107 1165 1366 1219 memoria
1399 1165 1564 1218 fuerit
1596 1165 1785 1232 orati0,
1818 1165 2055 1237 proderit

316 1254 412 1307 per
452 1247 624 1307 partes
661 1237 911 1303 ediscere,
944 1236 1172 1306 (laborat
1212 1237 1358 1290 enim
1391 1236 1626 1289 maxime
1657 1241 1838 1303 onere)
1876 1247 1933 1290 et
1965 1237 2055 1290 hae

317 1318 489 1378 partes
516 1326 622 1360 non
658 1309 755 1362 fint
786 1309 1091 1381 perexiguae
1114 1328 1127 1361 z
1167 1307 1372 1380 alioqui
1397 1307 1559 1361 nimis
1583 1307 1771 1361 multae
1794 1319 1970 1374 erunt,
1996 1319 2053 1361 et

317 1396 435 1432 eam
476 1379 803 1452 distinguent
849 1390 1011 1451 atque
1051 1379 1359 1433 concident.
1431 1380 1555 1432 Nec
1603 1379 1795 1451 utique
1841 1390 2060 1433 certum

315 1448 682 1522 imperaverim
726 1450 948 1504 modum
975 1452 1009 1518 ¹,
1052 1450 1141 1504 sed
1184 1450 1419 1504 maxime
1462 1461 1526 1504 ut
1572 1449 1792 1522 quisque
1840 1451 2053 1504 finietur

316 1520 500 1575 locus:
543 1522 633 1574 nifi
653 1535 685 1557 ¹¹¹
710 1522 847 1576 forte
871 1533 980 1575 tam
1007 1521 1069 1575 fit
1090 1531 1111 1555 ¹²
1138 1523 1468 1588 numerosuS,
1494 1532 1557 1575 ut
1588 1521 1692 1594 ipse
1707 1540 1940 1604 ‘quoque
1965 1522 2052 1575 di·-

784 1594 965 1648 Dandi
1003 1595 1126 1647 sunt
1151 1593 1280 1647 certi
1345 1593 1528 1647 uidam
1567 1603 1803 1659 termini,
1829 1604 1890 1646 ut
1917 1612 2050 1646 con-

317 1674 528 1718 textum
561 1666 843 1720 verborum
886 1665 1017 1738 (qui
1040 1666 1112 1718 est
1146 1665 1330 1718 difficil
1354 1665 1516 1733 imus)
1555 1658 1837 1719 continuet
1869 1665 2055 1718 crebra

315 1735 619 1803 meditatio,
645 1747 817 1809 partes
842 1736 1032 1791 deince
1071 1754 1095 1790 s
1119 1736 1253 1823 ipsas
1279 1735 1536 1809 repetitus
1565 1736 1698 1789 ordo
1735 1734 2052 1809 conjungat.

315 1806 448 1860 Non
482 1809 556 1861 est
590 1809 783 1862 inutile
803 1817 845 1875 Ρ,
873 1826 985 1880 quo
1043 1809 1232 1862 acilius
1267 1808 1523 1873 haereant,
1551 1807 1759 1880 aliquas
1788 1825 2053 1879 apponere

315 1889 489 1948 notaS,
517 1898 741 1952 quarum
767 1879 1066 1933 recordatio
1088 1890 1432 1933 commoneat
1455 1890 1512 1932 et
1547 1879 1687 1951 quasi
1712 1878 1912 1932 excitet
1935 1897 2053 1932 me-

228 1958 296 2015 29
319 1951 562 2004 moriam.
636 1953 821 2006 Nemo
856 1950 998 2004 enim
1036 1949 1148 2005 fere
1183 1962 1294 2004 tam
1329 1950 1534 2016 infelix,
1561 1961 1643 2016 ut,
1671 1950 1818 2075 guod
1853 1949 2054 2023 cuique

315 2021 438 2075 loco
463 2023 669 2096 lignum
695 2021 1048 2087 destinaverit,
1067 2023 1291 2076 nesciat:
1318 2033 1400 2089 ut,
1422 2023 1454 2075 fi
1475 2023 1576 2076 erit
1590 2033 1670 2075 tar

1708 2040 1773 2074 us
1790 2032 1812 2064 ‘1
1837 2021 1906 2075 ad
1924 2021 2052 2088 hoo,

315 2110 382 2146 eo
406 2113 622 2166 quoque
647 2094 826 2148 adhuc
850 2094 1118 2148 remedio‘
1142 2104 1343 2160 utatur,
1365 2104 1429 2147 ut
1452 2093 1574 2165 ipsae
1598 2093 1862 2146 excitent⁸
1887 2103 2051 2146 notae.

318 2164 467 2219 Hinc
492 2168 565 2219 est
602 2185 668 2220 ex
689 2178 703 2205 ⁸
739 2166 868 2222 illan
904 2176 1017 2220 arte
1043 2184 1152 2220 non
1173 2176 1195 2199 ‘¹
1226 2165 1436 2237 inutile,
1463 2165 1776 2219 attendere*
1803 2165 1950 2236 figna
1984 2165 2056 2220 ad

341 2335 346 2338 ⁸
374 2341 394 2367 ⁸
426 2336 514 2376 Vid.
533 2336 605 2389 leg.
625 2337 798 2377 dicimus
814 2355 823 2374 2
837 2336 916 2389 sed
929 2335 1091 2389 intelligi
1109 2336 1220 2375 etiam
1233 2336 1349 2389 potest
1365 2335 1520 2377 Cicero.

788 2389 799 2417 ἱ
832 2392 993 2443 Septius
1010 2391 1115 2430 Jens.
1134 2399 1171 2428 et
1188 2389 1243 2428 al.

311 2398 422 2444 puto,
442 2399 528 2430 ante
547 2393 678 2432 Burm.

325 2451 344 2470 ⁰
374 2459 444 2484 om.
463 2446 532 2484 iid.
639 2454 659 2473 ⁰
689 2445 824 2485 divelli
844 2446 896 2485 G.

320 2500 503 2539 medium
525 2501 650 2539 utitur
668 2500 734 2539 iid.
846 2509 860 2531 ⁵
891 2514 960 2539 om.
981 2499 1049 2540 iid.

320 2559 342 2583 ¹
371 2562 549 2594 attentus
567 2554 618 2594 ad
637 2555 688 2594 G.
710 2555 840 2609 Kapp.
859 2555 965 2594 Jens.
985 2555 1038 2594 G.
1060 2568 1099 2595 2.

319 2703 445 2758 clare,
459 2703 721 2762 breviterque
739 2702 867 2762 signet
884 2718 999 2756 nam,
1017 2703 1144 2748 enim-

319 2776 444 2812 vero,
464 2762 618 2819 tamegli
630 2761 658 2805 Ρ
678 2762 756 2806 sive
772 2762 1063 2819 conjuneffiones
1082 2763 1145 2805 in-

242 2821 245 2824 ’
320 2819 485 2878 telligas
522 2821 787 2867 connefiendi
825 2830 866 2864 et
910 2821 1146 2866 transeundi

321 2878 538 2925 formulas.
573 2879 667 2922 Cic.
690 2879 740 2922 de
769 2872 893 2922 Orat.
918 2895 960 2930 2,
983 2883 1054 2930 88,
1076 2881 1141 2938 pr.

323 2937 465 2981 Multa
474 2939 577 2995 stant
605 2936 761 2988 verba,
779 2951 887 2995 quae,
906 2937 1022 2999 quast
1035 2937 1145 2981 arti-

321 2995 420 3048 culi,
447 2997 683 3038 conneeffunt
714 2995 898 3039 membra
933 2995 1144 3048 orationis,

322 3068 415 3112 quae
429 3052 620 3110 formari
632 3053 897 3110 similitudine
920 3052 1035 3096 nulla
1054 3055 1140 3113 post

309 3113 443 3171 sunt.-
491 3126 629 3157 eorum
663 3113 870 3169 fingenda
904 3111 1016 3155 nobis
1045 3113 1147 3170 fient

324 3169 539 3227 imagines,
558 3168 869 3228 quibussemper
885 3179 1070 3214 utamur.

385 3230 460 3271 26.
491 3230 539 3271 de
558 3242 632 3285 quo
650 3229 759 3271 modo
776 3227 888 3282 dixi]
923 3244 996 3279 10,
1017 3231 1059 3279 6,
1079 3241 1126 3280 4.

386 3302 459 3343 29.
490 3296 550 3337 ut,
559 3285 602 3342 fi
616 3285 695 3329 erit
712 3286 880 3340 tardus]
913 3286 1039 3330 Adeo
1057 3301 1145 3329 cer·

327 3355 418 3388 tum
445 3344 515 3394 est,
540 3345 652 3402 quod
684 3345 807 3386 modo
836 3345 943 3387 dixit
970 3343 1147 3395 Fabius,

326 3401 522 3445 neminem
554 3412 643 3445 tam
672 3402 742 3459 effi’
771 3402 968 3457 infelicem
998 3403 1079 3445 διο.
1102 3411 1147 3445 ut

323 3461 450 3503 eriam
453 3459 498 3516 st
513 3461 610 3517 quis
616 3459 674 3515 fit
691 3460 852 3511 tardus,
870 3460 947 3503 hoc
967 3460 1149 3503 remedio

323 3528 484 3569 utatur,
523 3519 576 3561 ad
613 3533 704 3561 eam
741 3518 979 3561 tarditatem
1013 3517 1146 3561 suble-

323 3577 531 3630 vamlam3
561 3587 608 3620 ut
627 3591 773 3634 nempe
791 3585 900 3622 notae
920 3575 1056 3636 ipsum
1077 3590 1147 3620 ex-

1007 2451 1028 2479 Ρ
1054 2445 1207 2486 inutilis
1226 2445 1276 2485 G.

1158 2503 1172 2530 ί
1201 2513 1269 2539 om.
1291 2498 1343 2538 G.
1361 2508 1400 2540 2.

1629 2333 1648 2365 h
1679 2335 1902 2375 Carneades
1919 2350 2051 2384 omnes,

1369 2389 1380 2415 ¹
1411 2391 1536 2429 modo
1554 2391 1606 2432 G.
1626 2391 1732 2430 Jens.
1859 2399 1890 2418 ¹¹¹
1923 2392 1964 2429 ni
1985 2391 2055 2430 iid.

1386 2453 1407 2484 ‘1
1437 2445 1651 2484 tradendus
1670 2445 1722 2484 G.
1740 2444 1848 2484 Jens.
1949 2450 1963 2468 ¹·
1995 2458 2055 2483 re-

1511 2505 1530 2524 ¹⁸
1556 2500 1637 2551 ipsa
1658 2499 1710 2538 G.
1799 2506 1817 2525 v
1837 2512 1906 2537 om.
1929 2499 2054 2550 Kapp.

1227 2693 1375 2747 citent.
1411 2700 1572 2760 Pergit,
1603 2702 1712 2746 Hinc
1739 2702 1807 2762 est,
1839 2705 1954 2761 quod
1985 2703 2054 2747 di·

1226 2776 1315 2805 cere
1352 2761 1478 2804 modo
1515 2775 1738 2819 coeperam,
1771 2775 1826 2805 ex
1858 2762 1933 2806 illa
1963 2778 2052 2805 me-

1226 2820 1369 2863 moriae
1398 2827 1491 2863 arte
1521 2834 1599 2862 non
1629 2819 1771 2862 inutile
1799 2831 2052 2879 praeceptum

1225 2880 1309 2922 διε.

1287 2951 1356 2994 29.
1390 2937 1602 2980 attendere
1618 2935 1765 2992 figna]
1801 2937 1919 2980 Idem
1948 2946 2054 2996 puto

1225 2993 1300 3038 effe
1317 2994 1529 3037 attendere
1541 2993 1683 3051 figna,
1704 2995 1813 3051 quod
1835 2996 1959 3038 modo
1976 3003 2055 3055 ap-

1220 3060 1371 3109 ponere
1400 3052 1577 3103 dixerat,
1595 3067 1643 3094 ea
1671 3053 1828 3096 ratione
1858 3063 1908 3097 ut
1934 3056 2054 3110 prce-

1225 3112 1390 3154 tendere
1407 3112 1546 3169 sepem
1578 3110 1643 3153 vel
1677 3110 1820 3154 velum
1851 3112 2050 3156 dicimus.

1229 3169 1347 3212 Utile
1379 3169 1435 3212 est
1467 3170 1679 3211 attendere
1696 3168 1820 3226 figna
1855 3171 1886 3213 i.
1907 3185 1945 3213 e.
1977 3185 2052 3229 ap-

1229 3228 1412 3286 pingere,
1433 3226 1627 3278 adlinere,
1651 3227 1694 3269 in
1722 3229 1909 3286 margine
1937 3244 2062 3272 comm

1226 3286 1434 3336 mentarii‚
1472 3286 1583 3328 unde
1620 3284 1856 3337 ediscimus,
1894 3287 1956 3329 ad
1988 3302 2055 3330 eos

1212 3345 1356 3402 ftnfics
1385 3343 1454 3402 qui
1491 3343 1684 3385 excidunt
1716 3344 1760 3386 h.
1794 3360 1831 3386 e.
1868 3345 2053 3389 excidere

1227 3402 1370 3445 iblent.
1420 3402 1620 3444 Nondum
1638 3401 1848 3446 observavi
1868 3404 1941 3460 qui
1961 3418 2053 3446 ver·

1229 3460 1285 3503 bo
1311 3461 1524 3503 attendere
1551 3460 1611 3504 ita
1627 3459 1724 3503 usus
1744 3460 1806 3503 sit.
1858 3462 1935 3503 Sed
1965 3463 2053 3520 pri-

1227 3532 1346 3561 mum
1384 3518 1507 3574 hujus
1544 3518 1661 3562 verbi
1699 3518 1952 3563 intellechlm
2000 3519 2056 3563 ad

1229 3590 1404 3636 corpora
1430 3576 1653 3636 pertinere,
1669 3587 1710 3621 et
1737 3578 1951 3625 attendere
1967 3581 2054 3638 pri-
