2320 4030
560 295 841 350 INSTIT.
879 300 1222 351 ORATOR.
1257 301 1395 352 LI'B.
1427 302 1519 353 XI.
1545 319 1594 365 3.
1845 307 1939 371 285

218 442 365 502 runt,
392 436 618 491 ‘finistra
650 438 856 511 gestum
893 437 1479 509 facientesspatiantur,
1505 449 1561 492 et
1596 438 1900 496 fabulantur
1921 463 1947 495 z·

219 525 345 561 cum
384 508 544 561 etiam
588 508 779 562 laevam
815 510 1122 582 restringere
1160 509 1362 580 prolata
1402 510 1616 581 longius
1655 511 1838 565 dextra
1881 514 1943 567 fit

218 577 479 632 odiosum.
554 580 717 634 Unde
740 599 982 647 moneor,
1007 579 1102 633 utf
1125 597 1192 633 ne
1215 579 1272 632 id
1308 580 1528 651 quidem
1554 582 1827 649 transeam,
1853 583 1951 636 in-·

219 650 476 718 eptiffime
500 650 632 716 fieri,
657 668 781 704 cum
806 651 947 704 inter
968 669 1143 704 moras
1159 650 1535 716 *laudationum
1563 664 1656 705 aut
1677 653 1733 704 in
1758 672 1941 719 aurem

218 719 444 792 alicujus
477 721 788 793 loquuntur,
814 732 909 775 aut
943 740 1068 774 cum
1098 721 1364 778 sodalibus
1391 721 1664 794 jocantur,
1690 735 1781 776 aut
1805 744 1950 778 non--
1996 763 2000 767 -

220 809 513 863 numquam
549 793 618 846 ad
653 793 895 846 librarios
933 792 1052 846 suos
1097 792 1172 846 ita
1210 793 1512 863 respiciunt,
1549 804 1612 846 ut
1653 794 1942 866 sportulam

130 879 202 919 ¹32
221 861 418 916 dietare
462 863 758 918 videantur.
832 863 1084 918 Inclinari
1130 863 1205 916 ad.
1242 863 1505 935 judicem,
1555 883 1679 918 cum
1729 866 1939 933 doceaS,

218 933 408 1005 utique
444 935 479 987 fi
510 934 598 1000 -id,
629 934 698 988 de
733 952 842 1006 quo
879 933 1132 1006 loquariS,
1171 934 1233 987 fit
1268 936 1560 1001 obscuriu5‚
1595 937 1769 990 decet.
1846 941 1962 992 In-1·

218 1006 471 1064 cumbere
500 1005 757 1059 advocato
794 1005 1056 1059 adverfisss
1089 1005 1346 1058 subselliis
1370 1006 1593 1071 sedenti,
1620 1009 1940 1063 hcontume-

218 1074 410 1128 liosum
434 1078 537 1130 est.¹
598 1077 864 1130 Reolinari
885 1077 1050 1130 etiam
1073 1077 1143 1130 ad
1167 1077 1305 1142 suoS,
1334 1087 1390 1130 et
1413 1078 1662 1131 manibus
1686 1080 1939 1148 sustineri,

221 1142 317 1199 nifi
341 1147 508 1219 plane‘
530 1147 660 1201 'usta
682 1147 924 1220 fatigatio
958 1148 1048 1215 est,
1075 1147 1401 1214 delicatum3
1441 1149 1573 1203 ficut
1605 1151 1780 1221 palam
1816 1171 1942 1206 mo-

128 1236 200 1277 133
220 1217 352 1284 neri,
378 1219 492 1272 exci
533 1219 688 1285 entis»,
714 1230 810 1272 aut
842 1219 1053 1292 legere.
1114 1220 1368 1290 Namque
1402 1219 1459 1272 in
1492 1220 1578 1273 his
1611 1223 1861 1276 omnibus
1887 1235 1945 1277 et

218 1289 299 1353 vis
333 1287 427 1342 illa
462 1290 676 1343 dicendi
711 1289 928 1343 solvitur
942 1289 976 1356 ί,
1015 1298 1072 1343 et
1106 1289 1341 1362 frigescit
1374 1291 1613 1355 affectuS,
1649 1294 1740 1345 et¹
1769 1293 1943 1365 judex

217 1377 403 1431 parum
430 1361 523 1415 fibi
547 1361 770 1432 praestari
794 1361 1100 1415 reverentiae
1125 1360 1314 1413 credit.
1385 1363 1623 1415 Tranfire
1657 1364 1714 1416 in
1746 1365 1948 1419 diversa

217 1430 477 1497 subsellia,
498 1450 685 1504 parum
719 1432 1078 1486 verecundum
1115 1432 1206 1485 est.
1277 1433 1427 1485 Nam
1462 1443 1518 1486 et
1549 1434 1749 1489 Caffius
1776 1438 1941 1490 Seve-

217 1519 308 1555 ωε
331 1503 532 1557 urbane
554 1502 795 1559 adversus
818 1503 924 1557 hoc
954 1502 1210 1557 facientes
1241 1501 1454 1557 lineam·
1469 1505 1729 1578 poposcit.
1745 1506 1758 1515 ‘
1800 1509 1872 1561 Et
1906 1508 1951 1561 fi-

218 1726 227 1733 ι
270 1677 290 1702 9
317 1674 366 1716 ut'
383 1675 450 1730 by:
470 1677 645 1718 G21ens.
686 1719 689 1730 s
777 1673 797 1705 f
822 1676 1014 1718 om.Jens.

216 1735 230 1755 ²
259 1729 462 1772 resolvitur
478 1731 532 1772 id.
639 1730 651 1757 ¹
681 1738 727 1770 ut
747 1731 800 1772 G.

217 1867 271 1911 ad
291 1869 481 1913 *medium
501 1883 596 1912 crus
625 1867 788 1926 pendet,
807 1868 1004 1927 impediat
1020 1884 1033 1921 3

216 1926 288 1970 ille
322 1927 517 1973 sinistram
553 1937 671 1970 tanto
712 1926 943 1971 liberiorem
989 1940 1038 1968 eo

218 1984 234 2027 i
266 1984 308 2028 so
325 1984 466 2036 habet.
512 1986 589 2039 Sed
606 1984 769 2035 frustra,
788 1999 883 2042 quae
901 1984 968 2027 hic
988 1998 1036 2026 ac

248 2043 363 2086 einde
379 2045 432 2088 de
457 2052 568 2101 togae
599 2042 887 2101 compositione
914 2042 1039 2085 habet

218 2101 365 2154 noster,
383 2101 611 2160 intelligere
637 2101 812 2151 stud-eas,
842 2099 917 2143 nifi
945 2110 1038 2143 ante

218 2160 359 2203 omnia
377 2162 574 2204 rationem
602 2160 721 2203 vestis
749 2159 862 2211 illius
880 2159 1038 2202 Roma-

217 2231 285 2261 nae
301 2216 546 2262 familiarem
564 2219 644 2261 tibi
663 2217 904 2268 reddideris,
915 2225 957 2259 et
974 2226 1038 2260 te-

218 2277 358 2326 nueris
387 2276 576 2327 firmiter,
604 2275 677 2319 effe
709 2276 929 2318 rotundam
957 2275 1038 2318 cir-

219 2333 352 2378 culari
366 2334 538 2379 scetione
566 2335 607 2377 in
627 2333 763 2377 medio
780 2344 962 2392 apertam
984 2333 1037 2376 ad

218 2406 315 2436 eum
333 2393 521 2444 modum,
541 2403 590 2435 ut
608 2391 899 2450 fi'explicatam
918 2391 1038 2434 humi

274 2465 363 2502 nas,
383 2460 561 2509 utraque
589 2451 675 2506 ejus
701 2465 773 2493 ora
796 2449 1037 2493 circularem

235 2509 370 2553 ineam
397 2509 563 2558 referat,
581 2510 782 2552 minorem
810 2508 954 2563 majori
973 2508 1037 2555 ine

218 2566 406 2611 clusam..
437 2568 516 2610 Per
546 2567 652 2611 illud
685 2564 1038 2624 itaqueforamen

218 2625 402 2669 medium
419 2640 503 2668 non
530 2641 580 2670 ca
609 2634 658 2669 ut
683 2624 1038 2675 modoexsereba-

218 2692 305 2734 tur,
325 2694 425 2742 toga
451 2698 573 2741 aequa
591 2685 667 2727 iter
688 2680 1038 2740 crescentibusque

219 2755 246 2783 a
276 2740 436 2794 summo
466 2742 584 2799 mgis
614 2743 725 2785 circa
754 2755 905 2799 corpus
937 2755 1034 2798 pen·

218 2798 356 2851 dente,
390 2810 431 2844 et
468 2810 694 2857 utrumque
732 2801 962 2842 continente
995 2808 1037 2841 et

217 2858 453 2902 occultante
489 2857 720 2908 brachium,
758 2856 832 2900 nifi
877 2856 1038 2899 sublata

221 2914 411 2959 inferiore
458 2930 530 2958 ora
579 2915 774 2973 proferres
794 2933 806 2958 ε
863 2914 928 2957 sed
978 2915 1038 2957 ita

221 2973 363 3016 laxum
391 2984 493 3024 erat,
512 2982 560 3016 ut
579 2988 673 3017 cum
702 2973 846 3016 dextro
867 2972 1039 3016 brachio

222 3031 416 3075 humerus
454 3032 578 3075 etiam
615 3029 787 3089 proferri
824 3031 1039 3073 commode

221 3089 363 3145 posset,
388 3104 474 3147 quo
505 3088 616 3133 faao
646 3087 858 3132 neceffario
890 3089 934 3130 in
967 3086 1039 3131 illa

220 3157 338 3204 parte
366 3161 483 3206 rugae
515 3161 597 3189 non
619 3147 706 3201 jam
733 3145 1040 3204 perpendicula-

220 3219 303 3256 res,
336 3205 402 3247 sed
435 3207 477 3248 in
508 3203 773 3247 transversum
804 3204 1037 3262 pendentes,

221 3263 411 3318 majores,
431 3263 498 3319 (hi
514 3265 624 3305 enim
643 3261 876 3318 suntſsnus)
897 3263 1039 3304 oriun-

221 3331 307 3371 tur,
328 3335 425 3363 cum
457 3319 617 3364 smistrae
646 3322 776 3377 partis
803 3333 924 3363 oram·
944 3334 1039 3378 pro-1

221 3378 307 3434 lata
325 3377 432 3422 infra
451 3385 596 3421 manus
615 3377 751 3421 tollat.
772 3378 875 3421 Haee
895 3376 923 3420 fi
942 3379 1038 3434 quis

220 3436 348 3493 probe
384 3437 556 3494 cogitet,
593 3445 635 3479 et
680 3434 831 3478 statuas
858 3442 1039 3485 veteres,

222 3494 365 3552 quales
394 3493 555 3552 aliquot
591 3493 809 3537 Rubenius
847 3492 1038 3550 protulit,

223 3553 469 3610 repetiitque
489 3551 716 3601 Ferrarius,
736 3549 953 3608 diligenter
977 3551 1040 3594 in·

1139 1680 1165 1714 ε
1188 1686 1215 1715 a
1231 1670 1389 1717 diversis
1409 1676 1461 1717 G.
1586 1676 1609 1704 ¹¹
1632 1676 1724 1727 jam
1741 1678 1811 1733 ins.
1830 1680 1939 1722 Jens.

1119 1874 1302 1919 tueatur,
1330 1867 1504 1911 evitabit
1535 1868 1688 1913 multas
1716 1861 1943 1916 difficulta-
1998 1906 2000 1910 ,

1097 1934 1198 1977 tes,
1218 1927 1373 1984 quibus
1401 1927 1656 1970 eruditiffimi
1682 1930 1810 1972 etiam
1840 1932 1942 1983 viri,

1119 1993 1169 2026 ut
1188 1985 1481 2042 Agamemnon
1499 1986 1602 2028 veste
1621 2001 1646 2028 a
1669 1987 1940 2045 Clytaemnes·

1119 2051 1185 2084 tra
1198 2041 1267 2084 sua
1285 2042 1398 2094 data,
1414 2044 1562 2087 irretiti
1576 2044 1775 2088 haeserunt
1788 2064 1799 2089 ι
1822 2047 1942 2106 supe.

1119 2100 1204 2142 rari
1221 2115 1362 2143 omnes
1377 2116 1430 2143 an
1448 2101 1610 2159 possint,
1629 2102 1779 2146 dubito
1796 2123 1808 2158 3
1831 2119 1856 2147 a
1873 2120 1943 2151 me

1116 2158 1299 2201 nondum
1321 2157 1542 2218 superatas,
1561 2160 1685 2202 etiam
1709 2162 1796 2220 post
1818 2163 1941 2217 leda,

1116 2230 1214 2273 quae
1243 2217 1296 2260 ab
1326 2217 1504 2261 Octavio
1534 2219 1737 2270 Ferrariu,
1756 2223 1822 2264 A.
1844 2222 1942 2265 Ru-

1118 2274 1255 2326 benio,
1275 2283 1317 2317 et
1344 2276 1388 2330 J.
1415 2276 1450 2318 F
1451 2277 1530 2318 rid.
1554 2277 1774 2320 Gronovio
1800 2282 1944 2331 erudi-2

1117 2331 1262 2376 tissime
1279 2341 1320 2375 et
1336 2333 1641 2391 ingeniofiffime
1658 2334 1810 2394 scripta
1828 2339 1944 2392 sunt,

1116 2402 1199 2433 non
1216 2390 1408 2434 diffiteor.

1143 2464 1215 2550 ἀι(
1211 2463 1280 2502 31.
1322 2463 1456 2493 moras
1485 2448 1780 2507 laudationum]
1831 2454 1935 2500 Vid.

1118 2521 1141 2549 a
1211 2537 1222 2549 .
1248 2522 1348 2549 ιιι.

1181 2579 1282 2619 131.
1292 2563 1519 2623 sportulam
1537 2564 1713 2621 distare]
1780 2584 1843 2613 uae
1861 2571 1938 2615 da·
1987 2597 1990 2601 ·

1118 2631 1244 2673 retur,
1262 2637 1345 2665 non
1371 2621 1616 2680 vulgaribus
1636 2627 1758 2670 modo
1777 2643 1799 2669 c
1820 2630 1940 2672 ienti-

1117 2681 1216 2732 bus,
1234 2681 1298 2724 sed
1326 2680 1517 2724 redemtis
1546 2681 1623 2724 hac
1652 2683 1737 2740 ipsa
1753 2685 1941 2742 sportula

1118 2737 1420 2782 laudatoribus.
1460 2737 1603 2782 Crevit
1623 2741 1682 2783 ita
1699 2743 1870 2796 vitium,
1888 2755 1942 2792 ur.

1118 2795 1264 2847 Plinii,
1303 2798 1379 2853 qui
1415 2796 1641 2854 discipulus
1675 2797 1799 2847 nostri
1837 2801 1943 2855 fuit,

1118 2863 1241 2898 aetate
1262 2854 1305 2898 in
1332 2854 1463 2898 media
1490 2854 1645 2909 bqlilica
1677 2859 1779 2913 (non
1800 2869 1848 2902 ut
1866 2861 1937 2905 hio

1117 2911 1386 2965 diblarentur,
1404 2912 1492 2968 sed)
1515 2921 1600 2955 tam
1612 2915 1756 2970 palam
1774 2917 1942 2975 sportui

1118 2969 1186 3020 lae,
1224 2985 1348 3028 quam
1393 2969 1438 3013 in
1483 2970 1673 3023 triclinio,
1719 2975 1941 3029 darentur,

1115 3027 1230 3085 epist.
1253 3044 1296 3079 2,
1319 3043 1390 3082 14,
1408 3043 1455 3081 4.

1179 3101 1278 3140 133.
1307 3086 1456 3129 lineam
1477 3085 1666 3146 poposcit]
1709 3089 1806 3140 Qua
1833 3105 1940 3134 cona

1115 3144 1342 3187 tinerentur
1359 3145 1620 3188 immoderati
1647 3155 1803 3199 motus,
1824 3160 1872 3191 ut
1893 3151 1939 3194 iti

1116 3201 1303 3244 theatris.
1364 3202 1563 3245 Nondum
1609 3204 1718 3246 enim
1761 3207 1940 3263 poenitet

1117 3270 1258 3302 eorum
1277 3274 1372 3316 quae
1401 3270 1491 3303 turn
1520 3261 1564 3302 in
1591 3261 1626 3302 F
1628 3262 1797 3304 abriano
1816 3264 1939 3308 Thes

1119 3317 1251 3369 sauro,
1271 3326 1362 3360 tum
1383 3317 1433 3360 ad
1452 3319 1628 3361 Varron.
1649 3318 1708 3361 R.
1730 3320 1789 3362 R.
1826 3329 1866 3375 3,
1892 3337 1938 3377 5,-

1118 3390 1167 3428 4,
1204 3375 1255 3417 de
1287 3374 1479 3419 theatrali
1514 3374 1620 3418 linea
1665 3377 1778 3420 dieta
1825 3381 1936 3433 sunt,

1120 3447 1247 3490 quam
1284 3431 1377 3490 ipfis
1415 3447 1440 3475 a
1476 3442 1593 3491 tergo
1628 3434 1822 3479 sedilibus
1855 3436 1939 3481 fer-
1981 3465 1986 3470 -

1118 3505 1230 3533 ream
1259 3491 1502 3534 imminuiffe
1531 3500 1649 3548 pute,
1668 3502 1717 3535 ut
1746 3493 1940 3538 humero·

1122 3548 1343 3593 sedentium
1370 3560 1586 3601 coerceret,
1605 3563 1654 3592 ne
1680 3551 1875 3597 reclinare
1901 3555 1941 3598 se
