2320 4030
582 327 872 379 1N<ssT1T2
900 325 1241 378 ORATOR.
1276 326 1421 378 121132‘
1451 328 1539 379 ix,
1575 345 1622 378 2.
1901 341 1971 396 93

249 462 520 518 deie&at.-
574 465 659 517 Ex
694 464 801 531 his,
823 464 974 536 quod
1004 465 1086 517 'est
1122 463 1376 536 primum,
1404 463 1654 536 frequens
1686 464 1739 517 in
1777 463 1969 519 scholis

156 532 226 600 67
250 535 340 586 est.
412 535 554 588 Nam
581 548 636 588 et
654 537 966 607 pafflonesb
994 535 1376 607 deponentium
1404 535 1683 606 imperium
1712 548 1974 608 tyrannm·

250 619 391 670 rum,
429 617 486 675 et
524 607 635 678 post
660 607 830 660 civile
868 605 1068 660 bellum
1102 605 1542 659 senatusconsulta
1577 606 1871 679 finguntur,
1912 619 1970 662 et

250 676 474 747 capitale
499 678 571 730 est
594 677 823 748 objicere
849 678 1121 731 ante—aeta:
1160 688 1241 742 ut,
1264 676 1410 748 quod
1440 676 1492 728 in
1519 676 1634 730 foro
1661 696 1766 730 non
1804 696 1967 748 expe-

250 745 351 813 dit,
380 748 493 799 illic
519 765 618 800 nec
642 748 818 801 liceat.
892 748 996 800 Sed
1021 748 1346 801 schematum
1376 747 1613 800 conditio
1647 767 1752 800 non
1780 749 1968 803 eadem

233 818 340 869 est.
417 819 732 873 Quamlibet
769 819 913 871 enim
953 830 1212 889 apertum,
1239 817 1384 890 quod
1410 818 1574 870 modo
1602 830 1656 873 et
1693 819 1848 872 aliter
1882 819 1973 887 ‘in-r

249 887 424 959 oelligi
451 891 603 961 poffit
619 898 660 956 ⁰,
685 890 740 941 in
765 889 884 942 illos
908 900 1159 960 tyrannos
1182 891 1322 942 bene
1357 888 1572 953 dixeri5‚
1598 890 1724 962 quia
1756 889 1968 961 pericu-

157 955 226 1007 68
250 957 362 1011 lum
404 970 635 1026 tantum,
661 978 768 1013 non
807 961 970 1013 etiam
1012 961 1206 1014 offensa
1239 960 1455 1014 vitatur.
1530 961 1697 1015 Quod
1735 961 1769 1013 fi
1803 962 1971 1015 ambi-

165 1033 181 1079 »ἶ
222 1073 228 1081 ,,
325 1031 752 1084 itatesententiae
776 1032 929 1104 poffit
948 1034 969 1064 ‘³
1007 1031 1171 1097 eludi,
1198 1050 1358 1084 nemo
1394 1049 1501 1083 non
1536 1031 1614 1084 illi
1639 1031 1783 1085 furto
1806 1031 1969 1085 favet.·

302 1119 390 1154 era
428 1103 647 1174 negotia
691 1121 820 1155 num
865 1121 985 1155 uam
1026 1102 1202 1156 adhuc
1246 1103 1548 1155 habuerunt
1589 1102 1726 1156 hanc
1755 1103 1970 1157 ‘silentii

249 1173 637 1237 neceffitatem;
686 1173 775 1228 sed
818 1175 974 1227 aiam
1014 1172 1142 1227 huic
1182 1174 1423 1238 similem,
1463 1192 1645 1226 verum
1692 1174 1864 1227 multo
1901 1175 1969 1228 ad

249 1243 516 1316 agendum
542 1244 912 1309 difficiliorem,
939 1263 1064 1298 cum
1089 1243 1319 1315 personae
1342 1255 1588 1315 potentes
1612 1246 1836 1311 obstant,
1865 1246 1971 1300 fine

157 1310 226 1379 69
249 1331 471 1384 quarum
497 1315 892 1386 reprehenfione
916 1316 1084 1368 teneri
1105 1324 1124 1346 ⁶
1149 1314 1320 1368 causta
1346 1333 1452 1367 non
1483 1317 1654 1385 poffit.
1730 1316 1968 1388 Ideoque

248 1384 354 1439 hoc
376 1387 584 1456 parcius
609 1389 664 1439 et
683 1387 1119 1458 circumspectius
1144 1385 1445 1439 faciendum
1469 1386 1485 1419 f
1508 1406 1521 1438 ε
1563 1387 1690 1458 quia
1721 1387 1855 1440 nihil
1882 1390 1967 1440 in-

248 1457 421 1522 terest,
461 1476 570 1529 quo
612 1458 779 1510 modo
819 1457 1086 1510 offendasz
1126 1468 1182 1510 et
1221 1468 1398 1528 aperta
1440 1457 1610 1529 figura
1650 1458 1826 1529 perdit
1863 1460 1971 1512 hoc

249 1526 439 1598 ipsum,
467 1529 610 1599 quod
651 1529 821 1601 figura
862 1530 954 1582 est.
1029 1529 1264 1600 Ideoque
1307 1547 1339 1581 a
1375 1529 1693 1600 quibusdam
1730 1541 1845 1583 tota
1884 1549 1970 1584 res

248 1598 574 1669 repudiatur,
602 1601 701 1653 five
727 1599 1074 1673 intelligatur,
1102 1599 1202 1652 five
1228 1618 1334 1652 non
1355 1611 1396 1652 g.
1459 1600 1567 1652 Sed
1593 1599 1720 1654 licet
1746 1600 1968 1655 modum

174 1715 177 1718 .
247 1666 522 1723 adhibere.
598 1673 660 1723 In
687 1671 894 1743 primiS,
921 1690 988 1725 ne
1024 1672 1123 1725 fint
1146 1670 1448 1724 manifestae.
1522 1671 1648 1723 Non
1687 1682 1841 1725 erunt
1872 1690 1969 1726 au-

248 1750 388 1806 tem,
409 1743 440 1793 fi
469 1760 573 1794 non
602 1761 667 1796 ex
702 1743 876 1795 verbis
912 1741 1090 1795 dubiis
1125 1742 1222 1795 eth
1259 1743 1401 1812 quali
1438 1741 1741 1814 duplicibus
1777 1755 1968 1815 peten-

249 1821 369 1864 tur:
410 1813 611 1884 qualisi
637 1814 708 1866 est
741 1813 795 1866 in
819 1813 1052 1884 suspecta
1075 1832 1233 1879 nuru,
1260 1814 1404 1867 Duxi
1439 1834 1657 1879 uxorem,
1686 1835 1801 1887 quae
1831 1816 1970 1887 patri

157 1891 227 1948 70
245 1883 471 1955 placuit.-
526 1895 636 1950 aut,
681 1885 826 1955 quod
870 1885 942 1937 est
984 1885 1160 1938 multo
1203 1885 1455 1956 ineptiuS‚
1499 1886 1968 1957 compositionibus

247 1955 518 2026 ambiguis
541 1977 554 2008 t
595 1967 656 2008 ut
682 1956 774 2009 illa
797 1956 1162 2021 controversia,
1187 1955 1243 2007 in
1269 1975 1375 2027 qua
1399 1956 1611 2009 infamis
1646 1974 1826 2010 amore
1862 1959 1967 2011 vir-

245 2025 389 2099 ginis
416 2026 535 2087 filiae
560 2036 708 2098 pater
742 2039 946 2098 raptam
982 2046 1097 2080 eam
1133 2027 1446 2100 interrogat,
1475 2046 1503 2080 a
1535 2043 1649 2098 *quo
1679 2029 1861 2082 vitiata
1884 2030 1968 2095 {it,‘

158 2105 219 2162 71
251 2096 378 2168 Quis
414 2107 484 2163 te,
511 2099 1072 2222 ianit''{?1puit?'tu'
1104 2108 1271 2170 pater,
1308 2098 1647 2170 nestisRRes
1684 2099 1804 2172 ipsae
1846 2119 1966 2172 per-

245 2168 446 2221 ducant
469 2168 710 2242 judicem
846 2169 1210 2241 suspicionem,
1236 2180 1291 2223 et
1327 2170 1638 2222 amoliamur
1680 2181 1874 2237 cetera,
1902 2184 1966 2226 ut

246 2239 352 2293 hoc
374 2239 542 2293 solum
567 2241 782 2312 superfit
803 2261 819 2305 ;
859 2241 916 2294 in
943 2239 1051 2312 quo
1076 2240 1307 2304 multum
1333 2241 1494 2293 etiam
1518 2241 1736 2294 affectus
1752 2241 1963 2313 juvant,

246 2321 303 2363 et
337 2309 634 2384 ¹interrupta
672 2312 873 2365 filentio
913 2312 1098 2376 diffio,
1142 2322 1198 2364 et
1237 2311 1620 2366 cunctationes·
1695 2312 1785 2366 Sic
1820 2314 1965 2368 enim

246 2381 357 2447 fiet,
382 2393 445 2436 ut
471 2382 643 2454 judex
677 2394 877 2455 quaerat
903 2378 1040 2437 illud
1066 2382 1239 2438 nescio
1274 2382 1424 2453 quid,
1449 2383 1590 2454 quod
1618 2384 1724 2456 ipse
1762 2385 1966 2439 fortaffe

246 2471 355 2506 non
381 2454 638 2521 crederet,
662 2455 695 2507 fi
721 2453 958 2508 audiret:
999 2465 1054 2507 et
1078 2454 1147 2519 ei,
1173 2455 1320 2525 quod
1356 2473 1386 2506 a
1409 2455 1459 2507 se
1483 2455 1759 2509 inventum
1788 2456 1967 2509 existi-

157 2534 224 2590 72
246 2535 378 2592 mat,
402 2525 604 2581 credat.
677 2525 783 2580 Sed
807 2544 874 2578 ne
899 2526 932 2578 fi
969 2526 1190 2602 opt-imae
1229 2525 1445 2597 quidem
1485 2527 1598 2592 fint,
1625 2526 1726 2580 eise
1767 2526 1966 2581 debent

300 2679 318 2705 ¹⁸
348 2679 523 2724 afflones
543 2682 593 2723 id.
701 2695 722 2719 e
749 2683 873 2732 potest
893 2681 943 2721 G.
961 2682 1067 2721 Jens.
1177 2679 1195 2706 ‘³
1236 2680 1359 2732 poffet
1378 2682 1428 2720 G.
1536 2687 1555 2709 e
1584 2682 1684 2722 tueri
1704 2680 1756 2722 G.
1863 2680 1881 2708 f
1908 2683 1963 2724 est

247 2733 507 2841 ξηξυξὶεζεὲίζ,
650 2741 668 2768 ⁸
699 2736 942 2787 intelligatur
961 2735 1012 2776 G.
1033 2735 1182 2788 etplur.
1202 2744 1264 2787 ap.
1283 2736 1379 2774 Bur.
1400 2735 1492 2775 Vid.
1510 2743 1584 2775 not.
1722 2739 1741 2763 ¹¹
1774 2737 1837 2777 vel
1854 2738 1962 2780 Jens.

306 2927 379 2977 ⁶7·
403 2924 952 2984 paHiones—fyrannorum]
981 2925 1063 2972 Le·-
1143 2923 1420 2975 laudavimus,
1435 2934 1585 2983 praeter
1603 2926 1812 2977 Senecam,
1828 2922 1968 2983 ipsum*

246 2997 342 3042 gem
362 2983 474 3026 illam
497 2983 674 3034 ἆμνηςίας
703 2985 733 3028 s.
755 2983 978 3027 oblivionis
995 2984 1062 3030 in·
1145 2984 1238 3026 Cic.
1261 2984 1314 3025 ad
1334 2983 1438 3028 Att.
1470 2987 1512 3034 8,
1544 2999 1584 3037 3,
1617 3000 1660 3042 p.
1685 2986 1786 3035 761.
1810 2985 1960 3029 Graev.

245 3041 398 3100 teuigi,
431 3042 534 3084 bene
563 3040 825 3086 observarunt
857 3042 937 3086 viri
968 3055 1062 3086 enx-
1143 3041 1252 3084 Eam
1265 3040 1310 3093 fi
1323 3055 1429 3085 nunc
1444 3042 1608 3099 st’quor,
1627 3041 1840 3100 quonam?
1871 3058 1962 3086 cum

245 3100 344 3143 diti.
389 3099 490 3154 Vid.
513 3097 620 3140 infra
648 3100 679 3142 s.
702 3116 756 3156 97
787 3114 894 3158 quos
920 3099 1064 3142 laudat
1143 3098 1209 3142 illo
1238 3113 1331 3142 non.
1378 3100 1435 3141 Et
1471 3113 1538 3150 14,
1574 3114 1642 3150 12,
1676 3115 1718 3157 p.
1747 3114 1846 3153 55¹-
1881 3102 1964 3143 Oc-

247 3156 392 3202 Bosms
428 3158 480 3200 ad
513 3157 623 3213 Nep.
648 3161 756 3212 853,
780 3174 822 3200 ι.
844 3166 886 3201 et
909 3171 963 3201 ex
989 3158 1062 3200 de-
1142 3156 1312 3199 tavium
1346 3155 1421 3214 sui
1457 3157 1661 3215 Caesarem
1694 3156 1960 3215 salutabant,

245 3216 542 3259 clamatoribus
570 3216 745 3259 Fabium
767 3220 876 3267 267..
894 3215 942 3257 it.
965 3217 1059 3258 Sen.
1144 3214 1371 3271 Philippum
1400 3229 1493 3257 non.
1545 3216 1720 3258 Interim
1748 3229 1830 3257 non
1851 3216 1961 3260 diffi-

246 3276 354 3317 Exe.
386 3275 536 3316 contr.
577 3287 618 3326 5,
651 3277 694 3315 8.
734 3274 922 3330 Objicere
946 3275 1062 3316 an'te-
1143 3273 1275 3323 mulo,
1314 3271 1507 3316 facilitati
1551 3274 1723 3317 minime
1770 3274 1960 3332 abruptae

245 3335 364 3380 aaa,
396 3332 563 3374 Graecis
596 3331 671 3374 effe
701 3335 948 3383 μνησικικιῗν,
981 3332 1061 3375 Bo·
1142 3331 1267 3374 Fabii
1295 3332 1432 3388 magis
1460 3330 1589 3374 videri
1614 3332 1826 3374 convenire
1847 3346 1961 3389 repe·

247 3390 326 3434 sms
341 3389 371 3431 1.
394 3404 433 3431 c.
455 3389 643 3431 ostendit.
1142 3389 1332 3432 titionem
1361 3388 1492 3439 verbi,
1525 3389 1636 3446 quod
1669 3390 1807 3431 omitti
1841 3386 1963 3435 facile

249 3474 271 3487 ..
307 3450 380 3502 69.
408 3446 508 3501 five
540 3446 807 3503 intelligatur,
826 3445 927 3501 five
958 3447 1056 3500 non]
1142 3444 1225 3490 fuit
1257 3448 1323 3488 bis
1354 3446 1555 3504 positum5
1589 3447 1800 3496 inserendi,
1822 3445 1848 3490 fi
1877 3461 1960 3496 non

248 3506 344 3550 Non
363 3500 481 3561 plane
499 3505 732 3554 inauditum
751 3504 805 3549 est
822 3519 900 3550 non
919 3505 959 3547 in
981 3505 1062 3549 fine
1143 3503 1294 3555 adfuit,
1314 3504 1510 3547 librarius
1538 3518 1666 3561 quam
1694 3505 1855 3548 causam
1886 3506 1959 3552 ha.

228 3562 450 3612 *sententiae
471 3562 642 3623 politum
661 3581 671 3607 ε
699 3565 787 3619 jam
806 3563 858 3608 ad
877 3563 1062 3609 Fabrum
1143 3562 1296 3615 buerit,
1313 3577 1394 3627 npn
1414 3563 1471 3626 ita¹
1489 3563 1725 3626 expeditum
1745 3561 1815 3609 est.
