2320 4030
138 3509 161 3532 Α

232 1129 264 1182 8
287 1134 459 1188 multa
480 1133 742 1187 dieamus..

646 283 933 338 JNsTlT.
966 282 1312 335 ORATOR.
1347 285 1486 338 Lm.
1521 286 1588 336 x.
1622 297 1670 351 7.
1911 295 2008 354 ιη

280 441 381 482 nee
404 419 747 476 offerentibus
770 422 827 476 se.
843 420 1060 477 aliunde
1081 421 1314 476 senfibus
1337 423 1718 489 turbabuntur,
1744 440 1847 478 nec
1874 443 2008 479 con-

280 494 508 548 fundent
542 513 609 548 ex
644 493 856 547 diversis
890 493 1206 558 orationem,
1236 493 1389 548 velut
1420 493 1664 548 salientes
1699 494 1830 561 huc,
1856 494 2009 564 illuc,

226 571 256 630 7
283 584 381 620 nec
400 579 421 603 ²
456 563 678 646 usquam
713 564 1017 618 insistentes·
1092 565 1357 618 Postremo
1392 564 1672 619 habebunt
1705 566 1928 620 modum
1955 582 2012 622 et

281 637 463 701 finem,
487 655 581 708 qui
604 635 705 688 effe
728 634 860 689 citra
883 634 1191 689 divifionem
1215 634 1394 688 nullus
1417 637 1584 708 potest
1606 657 1620 690 ι
1660 655 1724 690 ex
1759 636 1883 691 letis
1951 658 2012 693 ro

279 707 534 761 facultate
557 706 827 770 omnibuS,
851 724 974 777 quae
998 704 1381 778 proposuerint,
1405 707 1692 779 perveniss’e
1733 726 1765 760 e
1789 707 1858 760 ad
1878 728 1915 762 u
1939 710 2011 764 ti-

281 796 436 832 mum
473 777 715 832 sentient.
788 778 860 829 Et
891 777 1010 830 haec
1044 776 1265 849 quidem
1299 797 1360 830 ex
1384 788 1515 844 arte,
1542 777 1634 831 illa
1658 796 1784 832 vero
1807 799 1869 832 ex
1889 780 2009 852 stu-

282 850 364 903 dio
381 870 399 903 .-
451 859 514 903 ut
561 847 771 920 copiam
814 847 1068 901 sermonis
1109 848 1324 919 optimi,
1366 849 1822 921 quemadmodum
1872 870 2011 922 prae-

280 930 499 992 ceptum
523 920 616 986 est,
641 936 1051 992 comparemus;
1088 918 1265 973 multo
1286 938 1349 973 ac
1387 920 1532 974 fideli
1564 919 1678 974 stilo
1710 921 1779 973 fic
1810 920 2011 977 forme-

281 1002 372 1045 tur
388 994 413 1028 ¹²
450 989 640 1056 matie,
677 1002 741 1044 ut
778 989 1090 1062 scriptorum
1127 990 1384 1056 colorem,
1426 992 1589 1045 etiam
1607 1001 1627 1026 ⁶
1672 1011 1796 1064 quae
1835 992 2014 1048 subito

283 1062 444 1116 effusa
474 1062 612 1128 sunt,
637 1061 899 1127 reddant3
938 1071 1003 1115 ut
1037 1080 1162 1115 cum
1201 1062 1373 1116 multa
1403 1062 1776 1134 scripserimuS,
1799 1064 1964 1118 etiam
1987 1069 2013 1102 ‘¹

813 1133 958 1186 Nam
986 1133 1270 1203 consuetudo
1305 1144 1363 1186 et
1394 1134 1673 1187 exercitatio
1703 1133 2015 1190 facilitatem

283 1205 518 1260 maxime
547 1204 702 1276 parit,
731 1222 852 1276 quae
879 1204 914 1256 fi
949 1203 1243 1275 paullulum
1266 1213 1286 1237 0
1317 1204 1606 1258 intermiffa
1637 1204 1816 1271 fuerit,
1841 1225 1950 1260 non
1970 1218 2015 1241 ⁶⁶

286 1275 542 1331 velocitas
576 1275 669 1329 illa
701 1275 866 1329 modo
892 1274 1130 1329 tardatur
1147 1275 1189 1342 f,
1211 1275 1298 1328 sed
1321 1286 1379 1329 et
1399 1275 1436 1308 ff
1462 1274 1677 1344 νάρκημα
1707 1275 1879 1348 ipfum
1904 1279 2017 1334 coit

341 1451 360 1473 ⁸
391 1459 467 1487 nec
484 1446 655 1499 usquam
669 1451 741 1485 orn.
760 1445 814 1485 G.
949 1443 970 1470 ¹⁵
1001 1451 1254 1498 comparetur
1274 1445 1327 1482 G.

289 1501 357 1554 insi
376 1502 482 1542 Jens.
568 1542 572 1546 ,
616 1507 635 1528 ⁸
663 1500 848 1551 paullum
867 1499 919 1540 G.
936 1500 1043 1540 Jens.
1071 1499 1242 1551 paulum
1260 1500 1311 1539 G.
1334 1513 1372 1539 2.

289 1557 342 1595 G.
360 1557 465 1595 Jens.
494 1552 670 1600 tradatur
686 1554 739 1594 G.
761 1567 799 1594 2.
951 1552 987 1579 ff
1013 1563 1054 1594 et
1071 1555 1230 1605 νάρκημα
1248 1568 1318 1592 om.
1340 1554 1392 1591 G.
1411 1553 1518 1592 Jens.
1537 1554 1590 1593 G.
1613 1567 1648 1593 2.
1653 1555 1740 1606 fine
1758 1562 1842 1593 nota
1861 1554 2018 1595 lacunae.

288 1607 335 1648 it.
355 1609 445 1649 Ald.
465 1607 525 1648 Ba
557 1637 568 1648 .
596 1608 764 1648 Primum
783 1607 891 1646 video
916 1606 1078 1662 νιίρκημα.
1104 1608 1144 1647 in
1162 1602 1309 1662 Astergs.
1334 1616 1449 1659 1519·
1465 1608 1512 1661 f.
1541 1608 1605 1647 sed
1631 1608 1763 1660 ipsum
1781 1618 1902 1663 atque
1922 1621 2022 1650 con-

287 1665 412 1704 currit
432 1665 478 1706 V.
533 1691 544 1702 .
562 1661 667 1702 Alm.
686 1662 769 1702 vid.
787 1670 863 1703 not.
919 1700 967 1753 ⁶
1599 1661 1630 1694 Φ

351 1815 396 1852 7.
425 1797 756 1857 quemadmodum
770 1804 1019 1856 praeceptum
1037 1798 1111 1856 est]

1466 1449 1484 1470 ‘²
1517 1457 1564 1485 ea
1583 1446 1635 1486 G.
1652 1446 1757 1486 Jens.
1792 1451 1796 1456 ’
1895 1446 1914 1472 ‘¹
1946 1448 2016 1498 qui

1501 1505 1540 1524 ‘⁶
1572 1514 1641 1540 om.
1662 1501 1714 1540 G.
1735 1514 1776 1541 2.
1901 1498 1920 1525 f
1946 1517 2016 1542 om.

1197 1796 1374 1840 formula
1394 1807 1435 1840 os
1464 1797 1681 1850 concurrit,
1696 1797 1782 1852 jam
1807 1797 2020 1842 declaran-

220 1898 222 1900 ,
290 1859 370 1903 Ab
390 1859 512 1900 initio
530 1858 629 1904 inde,
643 1857 766 1911 hujus
785 1857 899 1899 libri.
934 1889 938 1892 -

354 1922 395 1959 8.
417 1919 580 1969 νάρκημα
598 1914 744 1974 ipsum]
768 1915 990 1974 Qomodo
1003 1923 1116 1958 coeat

290 1975 471 2027 νόμευμα,
505 1973 548 2016 id
577 1973 646 2024 est,
671 1975 952 2024 contrahatur,
987 1973 1114 2016 inter-

293 2033 495 2075 mittenda
540 2032 844 2083 exercitatione,
889 2031 1115 2089 intelligere
1147 2081 1149 2083 q

293 2090 399 2133 mihi
429 2091 586 2140 videor,
614 2099 663 2132 ut
689 2090 887 2132 nimirum
910 2089 1112 2140 vulnera,

292 2148 518 2201 cicatrices,
538 2161 667 2206 aqua,
685 2157 727 2191 et
753 2147 888 2191 multa
912 2147 994 2191 alia
1011 2147 1117 2190 coire

291 2207 507 2258 dicuntur,
527 2221 625 2249 cum
653 2216 789 2264 partes
817 2220 959 2249 earum
979 2220 1117 2248 rerum

293 2266 468 2324 propius
505 2264 578 2308 fibi
605 2265 873 2308 admoventur
906 2265 988 2308 διε.
1040 2263 1118 2307 Sed

295 2325 509 2379 quomodo
554 2321 756 2366 concurrit
801 2323 990 2377 νάρκημα;
1023 2323 1118 2378 ¹An

295 2379 374 2425 hoc
404 2383 508 2426 dicit
537 2380 712 2431 Fabius,
742 2380 802 2423 ita
829 2381 1011 2423 celeriter
1040 2379 1118 2422 hoc

294 2441 464 2491 vitium,
485 2442 594 2482 hunc
623 2449 828 2497 torporem
847 2437 1049 2487 contrahi,
1072 2448 1119 2480 ut

295 2510 379 2541 non
396 2498 500 2543 coire
518 2498 723 2548 videatur,
741 2497 806 2540 sed
835 2509 1071 2539 concurrere
1088 2495 1119 2538 ἒ

297 2555 374 2599 Sed
403 2571 453 2599 ne
484 2571 535 2598 ue
555 2554 780 2598 Werlhofii
808 2555 890 2597 mei
922 2557 1119 2612 interpre-

296 2572 669 2657 tatione‘i‘raudabo
686 2628 801 2656 meos
818 2611 1004 2656 lectore&
1042 2611 1119 2655 Ille

295 2672 464 2726 ὅξῦμωρον
494 2671 611 2715 inesse
638 2672 864 2714 arbitratur
887 2671 1008 2714 Fabii
1028 2684 1118 2712 ver-

298 2729 393 2782 bis;
414 2740 556 2788 torpor
581 2728 649 2772 ille
676 2743 758 2772 non
785 2730 869 2772 coit
888 2729 1029 2778 modo,
1049 2742 1118 2770 co-

296 2790 553 2846 mitaturque
579 2787 801 2838 dicentem,
822 2787 887 2829 sed
915 2801 1000 2830 una
1023 2800 1119 2828 cum

298 2847 482 2890 oratione
513 2845 628 2889 illius
658 2847 880 2904 procurrit,
912 2854 962 2887 ut
987 2858 1119 2902 quan-

298 2906 459 2955 tumvis
476 2903 731 2952 festinantem
749 2918 831 2946 non
848 2902 1016 2946 deserat.
1044 2902 1121 2944 Sed

299 2963 414 3020 quod
446 2964 625 3006 maxime
647 2962 754 3006 mibi
778 2962 995 3019 probatur,
1016 2959 1120 3003 illud

301 3020 451 3066 ‚ultimo
479 3020 571 3064 loco
601 3034 769 3078 ponam.
812 3019 988 3062 Videtur
1017 3017 1121 3061 illud

299 3079 463 3132 νάρκημιι
490 3079 728 3123 recentioris
759 3076 931 3132 alicujus
963 3077 1123 3132 conjec-

302 3145 425 3187 turae,
445 3151 524 3180 non
553 3137 661 3180 libro
687 3137 878 3193 antiquo,
904 3135 1061 3184 deberi,
1080 3144 1122 3177 et

302 3194 399 3237 usus
434 3194 499 3236 hic
530 3209 696 3253 quoque
724 3193 840 3239 fuisse
859 3194 1018 3236 Fabius
1037 3191 1122 3234 for-

301 3252 417 3294 mula
459 3252 540 3296 suae
587 3252 725 3296 aetatis
771 3250 971 3301 nondum,
1009 3250 1124 3308 quod

302 3310 444 3361 sciam,
465 3310 560 3354 satis
580 3310 811 3353 observata:
834 3310 975 3359 verbo,
996 3308 1123 3366 scrip-

298 3366 385 3411 fiffe
402 3369 580 3419 videtur,
587 3368 666 3427 fid
691 3383 732 3411 os
758 3367 882 3426 ipsum
911 3366 986 3410 coit
1002 3374 1125 3423 atque

304 3425 536 3478 concurrit3
569 3425 646 3469 vel.
661 3427 776 3483 quod
804 3424 947 3468 malim
970 3439 1020 3467 ex
1038 3423 1125 3467 ves-

305 3484 423 3540 tigiis
455 3485 511 3525 V.
549 3483 604 3526 C.
640 3481 801 3526 Almel.
825 3483 908 3539 fid
928 3481 1054 3540 ipficm
1083 3496 1124 3524 05

304 3554 453 3598 quoque
489 3541 705 3585 concurrit.
762 3540 877 3605 Qid
915 3539 989 3584 sabi
1026 3537 1125 3582 velit

1195 1857 1298 1898 dum
1325 1857 1396 1898 est.
1459 1858 1608 1900 Seneca
1639 1857 1689 1900 de
1719 1854 1864 1899 Benef.
1899 1872 1942 1907 2,
1977 1874 2019 1909 1,

1198 1917 1299 1957 Cum
1317 1912 1465 1956 homini
1491 1914 1616 1971 probo
1642 1914 1698 1957 ad
1722 1915 1948 1970 rogandum
1968 1931 2017 1958 os

1196 1982 1431 2022 concurrat,
1450 1981 1491 2015 et
1494 1967 1765 2031 suffundatur
1782 1972 1929 2027 rubor5
1951 1974 2023 2032 qui

1196 2029 1267 2073 hoc
1292 2039 1531 2074 tormentum
1559 2030 1745 2080 remittit,
1775 2030 2019 2088 multiplicat

1196 2097 1342 2131 munus
1358 2083 1498 2147 ficum.
1545 2089 1662 2133 Idem
1689 2089 1738 2131 de
1772 2090 1842 2130 Ira
1880 2103 1921 2142 3,
1946 2106 2022 2145 15,

1197 2161 1262 2205 pr.
1283 2147 1334 2190 de
1366 2149 1581 2205 Harpago‚
1602 2161 1732 2204 ‚quem
1765 2146 1853 2204 post
1886 2148 2023 2192 horri-

1197 2205 1324 2248 bilem
1342 2219 1505 2248 coenam
1522 2206 1790 2262 interrogavit
1805 2219 1892 2255 rex,
1908 2209 2022 2264 Qo-

1198 2265 1308 2306 modo
1327 2263 1415 2320 eſjet
1432 2272 1616 2321 acceptus
1633 2263 1660 2305 Ρ
1695 2263 1786 2306 Non
1803 2263 2021 2318 defuerunt

1199 2321 1338 2380 misero
1375 2321 1538 2379 parba,
1561 2323 1659 2364 'non
1706 2336 1752 2363 os
1790 2325 2019 2367 concurrit.

1200 2381 1321 2436 Apud
1334 2394 1485 2436 regem,
1505 2379 1648 2437 inquit,
1669 2378 1795 2422 omnis
1813 2393 1932 2422 coena
1939 2380 2016 2437 ju-

1197 2438 1332 2480 cunda
1349 2439 1416 2496 est.
1455 2437 1570 2480 Idem
1592 2438 1721 2496 Epist.
1748 2453 1765 2479 1
1780 2453 1820 2487 1,
1842 2437 2019 2499 Qibus-

1198 2496 1296 2538 dam
1323 2503 1501 2539 tremunt
1523 2510 1663 2553 genua
1690 2494 1861 2538 dicturis
1877 2515 1892 2539 .-
1923 2512 2018 2554 quoa-

1198 2554 1389 2597 rumdam
1425 2555 1563 2596 dentes
1587 2554 1844 2604 colliduntur,
1876 2554 2022 2612 lingua

1196 2611 1363 2662 titubat,
1382 2611 1499 2654 labra
1526 2623 1793 2654 concurrunt.
1851 2614 2025 2656 Audia-

1199 2684 1294 2712 mus
1316 2669 1446 2727 ipsum
1466 2672 1647 2713 Fabium
1673 2686 1741 2720 11,
1763 2686 1803 2723 3,
1825 2673 1896 2726 56,
1917 2673 2022 2714 Con-

1199 2730 1337 2785 curfics
1364 2727 1460 2778 oris,
1481 2737 1521 2770 'et
1539 2743 1628 2780 cum
1654 2727 1799 2770 verbis
1819 2727 1911 2786 suis
1939 2730 2019 2772 col-

1200 2784 1395 2829 laetatio.-
1439 2797 1480 2828 et
1518 2801 1587 2836 11,
1620 2801 1661 2839 3,
1696 2801 1796 2836 121,
1828 2799 1919 2828 cum
1952 2802 2021 2831 ore

1201 2851 1459 2886 concurrente
1488 2844 1646 2894 rixari,
1665 2842 1709 2898 fi
1736 2843 1931 2886 memoria
1944 2846 2021 2900 fe-

1187 2900 1367 2959 fillerit,
1391 2909 1468 2944 aut
1496 2900 1681 2959 cogitatio
1709 2916 1787 2944 non
1804 2901 2020 2960 suffrage-

1202 2963 1290 3003 tur.
1333 2959 1547 3002 Concurrit
1579 2961 1710 3018 igitur
1736 2973 1794 3009 os,
1813 2974 1912 3002 cum
1931 2970 2024 3005 tur-

1204 3017 1305 3060 bato
1337 3033 1407 3075 per
1435 3017 1633 3076 pudorem
1665 3026 1707 3059 et
1735 3032 2025 3077 quemcunque

1202 3075 1344 3118 aestum
1364 3076 1493 3119 animi
1510 3075 1724 3133 sanguiue,
1743 3077 1826 3118 oris
1848 3077 2025 3123 musculi

1204 3134 1348 3176 invitis
1366 3135 1493 3177 etiam
1511 3134 1731 3177 trahuntur
1743 3142 1783 3176 et
1796 3133 1911 3191 quafi
1925 3150 2024 3179 con-

1203 3190 1426 3243 velluntur,
1458 3198 1506 3234 ut
1539 3190 1746 3236 flufiiuum
1777 3205 2026 3238 concurren-

1203 3251 1331 3299 tium,
1351 3258 1423 3291 aut
1452 3248 1920 3292 coruscantiumsubito
1947 3265 2028 3295 nu·

1205 3307 1337 3350 bium·
1360 3306 1514 3373 species
1544 3307 1738 3364 quaedam
1771 3308 1882 3350 circa
1914 3307 2027 3354 labia

1206 3364 1480 3422 (quibuidam
1515 3366 1642 3411 etiam
1681 3365 1793 3408 circa
1824 3363 2025 3423 frontem)

1205 3424 1430 3467 exoriatur.
1473 3422 1599 3465 Cives
1633 3423 1715 3466 mei
1749 3435 1820 3480 per
1846 3422 2027 3467 Franco-

1193 3482 1318 3593 2³2¹?
1349 3483 1496 3525 aiunt:
1529 3480 1588 3523 Es
1616 3479 1742 3526 hlitzt
1766 3478 1850 3524 ihm
1867 3481 1924 3527 im
1945 3484 2028 3529 Ge·

1234 3554 1252 3580 c
1297 3553 1335 3582 e.
