2320 4030
356 303 457 365 336
724 301 800 351 M.
835 301 1040 351 rAmr
1075 298 1655 352 QUINC'HLIANI

353 455 660 503 commune,
688 437 743 491 id
767 438 858 503 est,
885 437 1151 510 judicium
1176 456 1313 502 acre,
1342 437 1676 510 tersumque3
1716 437 1793 491 ita
1827 439 2075 513 ingenio-

350 523 469 560 rum
506 509 749 579 plurimae
787 508 993 564 formae.
1066 511 1403 580 Quapropter
1427 508 1562 562 mihi
1597 508 1710 562 falli
1736 510 1964 564 multum
1993 514 2072 565 vi·
2099 527 2159 566 21

348 578 563 644 dentur,
600 581 692 650 qui
729 580 865 632 solos
900 581 999 633 effe
1031 580 1221 633 Atticos
1259 579 1486 633 credunt
1521 591 1729 646 tenueS,
1755 592 1810 633 et
1846 581 2073 650 lucid08,

349 660 406 701 et
444 650 812 721 significanteS,
840 651 929 704 sed
965 651 1194 722 quadam
1233 650 1553 722 eloquentiae
1596 650 1902 723 frugalitate
1941 672 2073 707 con-

346 731 544 785 tentos,
569 740 630 774 ac
654 722 855 792 semper
880 738 1094 774 manum
1122 721 1261 774 intra
1285 721 1507 793 pallium
1531 722 1887 776 continentes.
1908 777 1910 779 ,
1928 724 2073 779 Nam

348 791 472 862 quis
498 793 598 844 erit
620 792 709 845 hic
735 794 939 845 Atticus
958 796 990 845 ἒ
1026 792 1108 846 Sit
1141 793 1347 865 Lysias3
1391 792 1534 845 hunc
1567 793 1710 846 enim
1733 794 2071 864 amplefi'tun-

347 873 471 915 turc
509 875 768 916 amatores
804 864 946 916 istius
976 862 1208 916 nominis
1233 863 1474 916 modum.
1548 864 1679 916 Non
1702 864 1725 896 ‘¹
1762 865 1930 937 igitur
1953 865 2068 937 jam

344 933 510 1004 usque
549 934 616 986 ad
664 936 900 988 Coccum‘·
942 945 1000 986 et
1036 935 1345 988 Andocidem
1381 933 1717 987 remittemur
1738 935 1792 988 f?
1836 937 2069 991 Interro-
2093 952 2160 994 22

343 1022 474 1075 gare
514 1015 695 1058 tamen
733 1005 912 1071 velim,
954 1023 1021 1057 an
1066 1004 1358 1058 Isocratesss
1397 1005 1571 1057 Attice
1618 1005 1853 1059 dixerit?
1911 1007 2071 1062 Nihil

343 1074 487 1128 enim
514 1086 624 1128 tam
650 1076 722 1129 est
749 1076 911 1147 Lystae
933 1075 1214 1129 diversum.
1277 1077 1611 1147 Negabunt?
1652 1076 1729 1129 At
1755 1077 1868 1148 ejus
1892 1077 2071 1133 schola

382 1145 609 1216 rincipes
664 1158 932 1200 oratorum
980 1146 1147 1200 dedit.
1183 1212 1186 1214 ,
1224 1147 1509 1201 Quaeratur
1569 1147 1786 1201 similius
1845 1148 2070 1220 aliquid.

343 1163 620 1290 {lyparides
666 1218 918 1271 Atticus?
977 1219 1157 1271 Certe.
1228 1218 1312 1271 At
1355 1217 1475 1289 plus
1523 1218 1738 1270 indulfit
1789 1219 2069 1290 voluptati.

339 1289 571 1342 Transeo
608 1289 887 1360 plurimOS‚
913 1289 1218 1362 Lycurgum,
1244 1287 1600 1360 Aristogitona,
1633 1299 1688 1342 et
1710 1289 1808 1342 'his
1841 1291 2062 1362 prioreS,

339 1359 519 1429 {seeum
533 1362 576 1426 ¹¹,
600 1360 988 1433 Antiphontem.-
1025 1379 1160 1431 quos
1197 1371 1258 1413 ut
1293 1360 1558 1424 homines,
1599 1359 1737 1413 inter
1777 1362 1829 1414 se
1869 1380 2068 1434 genere

342 1422 551 1498 ssmiles,
578 1431 880 1485 differentes
915 1431 1109 1485 dixeris
1140 1431 1330 1502 specie.
1404 1430 1556 1486 Quid
1591 1430 1701 1496 ille,
1727 1431 1880 1504 cujus
1903 1434 2067 1487 modo
2090 1449 2155 1506 23

338 1500 565 1556 fecimus
604 1502 955 1569 mentionem,
999 1503 1258 1573 AEscbines
1279 1505 1310 1554 ,Ρ
1358 1520 1536 1555 nonne
1568 1501 1651 1555 his
1689 1502 1846 1555 latior
1877 1515 1933 1557 et
1968 1523 2064 1558 au-

340 1572 569 1638 dentior,
605 1585 660 1626 et
698 1574 983 1628 excelsior?
1032 1573 1180 1629 Quid
1220 1573 1453 1645 denique
1491 1572 1875 1644 Demosthenes?
1923 1575 2067 1628 noni

339 1645 561 1697 cunetos
588 1645 706 1697 illos
734 1657 920 1698 tenues
954 1656 1009 1699 et
1042 1645 1465 1716 circumspecto&
1490 1644 1563 1710 vi,
1589 1645 1931 1711 sublimitate,
1960 1646 2064 1699 im·-

336 1727 484 1787 petu,
527 1716 696 1782 cultu,
731 1716 1106 1787 compositione
1141 1715 1439 1788 superavit?
1482 1734 1589 1768 non
1626 1716 1851 1788 insurgit
1885 1716 2060 1771 locis?

337 1805 447 1838 non
484 1785 668 1857 figuris
705 1787 942 1858 gaudet?
983 1805 1091 1840 non
1127 1786 1551 1841 transsationibus
1582 1786 1757 1840 nitet?
1801 1806 1906 1840 non
1939 1799 2062 1842 ’ora-

336 1858 485 1911 tione
523 1858 643 1910 fieta
679 1858 770 1910 dat
811 1859 1154 1912 carentibus*
1190 1861 1416 1912 vocem?
1472 1877 1579 1911 non
1619 1857 1756 1911 illud
1788 1857 2060 1932 jusjuran—
2085 1876 2155 1930 24

337 1928 468 1983 dum
501 1929 792 2000 per‚caesos
824 1930 880 1983 in
916 1931 1225 1983 Marathone
1255 1948 1317 1983 ac
1355 1929 1609 1984 Salamine
1645 1941 2062 2002 propugnatores

336 2000 667 2071 reipublicae,
693 2001 812 2054 satis
838 2001 1114 2054 manifesto
1139 2001 1300 2055 docet
1333 2012 1711 2072 praeceptorem
1741 2001 1854 2072 ejus
1881 2001 2062 2055 Plato-

334 2093 447 2127 nem
489 2071 677 2125 fuiffe?
739 2073 919 2125 Quem
971 2072 1140 2143 ipsum
1189 2091 1319 2125 num
1364 2072 1610 2142 Asianum
1657 2071 2062 2143 appellabimuS‚

334 2144 651 2215 plerumque
677 2142 933 2198 instinc-,tis
955 2143 1136 2197 divino
1159 2143 1345 2216 spiritu
1370 2143 1577 2196 vatibus
1602 2143 2015 2215 comparandum
2039 2147 2057 2198 ?

338 2214 490 2269 Quid
534 2214 755 2267 Periclea
776 2218 808 2267 ?
854 2211 1148 2268 'similemne
1185 2214 1452 2268 credimus
1492 2214 1715 2285 Lysiacae
1750 2214 2060 2287 gracilitati,

374 2305 499 2340 uem
542 2285 860 2340 fulminibus
897 2297 954 2339 et
991 2285 1188 2339 coelesti
1234 2284 1433 2358 fragori
1477 2298 1784 2358 comparant
1827 2285 2058 2352 Comici,

377 2376 467 2410 um
507 2357 588 2410 illi
631 2357 1074 2411 conviciantur-¹?
1117 2356 1271 2412 Quid
1312 2359 1383 2410 est
1422 2356 1608 2428 igitur,
1634 2375 1730 2411 cur
1762 2357 1818 2409 in
1857 2357 1923 2410 iis
1961 2357 2056 2411 de·
2080 2373 2147 2431 25

335 2447 508 2494 mum,
535 2427 629 2500 qui
654 2428 800 2481 tenui
824 2429 1015 2482 venula
1050 2447 1141 2500 per
1170 2428 1404 2482 calculos
1437 2429 1631 2494 fluunt,
1656 2428 1879 2480 Atticum
1897 2429 2056 2501 sapo-

333 2521 437 2553 rem
477 2502 706 2571 putent?
754 2499 829 2554 ibi
871 2500 1087 2553 demum
1128 2500 1342 2569 thymum
1378 2498 1592 2551 redolere
1635 2500 1857 2552 dicant?
1901 2500 2058 2555 Quos

330 2590 438 2643 ego
462 2571 718 2637 existim0‚
747 2571 780 2624 fi
805 2571 953 2642 quod
975 2571 1032 2624 in
1057 2569 1141 2624 his
1166 2570 1362 2624 finibus
1397 2570 1616 2624 uberius
1642 2569 1938 2624 invenerint
1971 2571 2056 2624 so-

332 2643 469 2707 lum,
496 2641 872 2695 fertilioremve
906 2643 1161 2714 segetem,
1187 2652 1474 2714 negaturos
1505 2642 1729 2695 Atticam
1764 2641 1882 2706 effe,
1908 2641 2056 2713 quod

331 2714 471 2785 plus,
499 2731 658 2783 quam
694 2714 974 2784 acceperit,
999 2712 1213 2767 seminis
1236 2712 1441 2780 reddat,
1464 2712 1591 2784 quia
1625 2713 1764 2765 hanc
1803 2712 1918 2785 ejus
1945 2724 2052 2766 ter-

330 2803 405 2843 rae
441 2782 600 2838 fidem
635 2785 923 2839 Menander
953 2785 1142 2839 eludit.
1217 2785 1406 2858 Itaque
1442 2783 1635 2856 fi-quis
1674 2802 1818 2838 nunc
1855 2783 1924 2838 ad
1964 2802 2052 2838 eas
2075 2788 2146 2843 26

383 2945 400 2965 ‘²
433 2939 715 2990 amplefitimur
733 2940 784 2979 G.
894 2938 912 2964 ‘¹
949 2939 1038 2979 rid.
1058 2938 1132 2992 leg.
1150 2940 1281 2980 Num.
1389 2944 1406 2964 ⁸
1441 2939 1598 2979 Cocum
1619 2940 1756 2997 Κεῳρ.ι
1871 2937 1890 2964 f
1916 2939 2053 2978 remit-

330 3002 463 3033 centur
481 2994 531 3032 G.
658 3001 676 3029 ε
705 2996 884 3033 Socrates
902 2994 1008 3034 Jens.
1111 2999 1113 3002 ’
1135 2994 1155 3018 ¹⁸
1187 2995 1321 3033 Iseum
1341 2993 1393 3032 G.
1411 3007 1458 3032 ex
1476 2995 1622 3033 Iseum.
1749 2999 1758 3018 ¹
1791 3005 1927 3032 nonne
1943 2994 2048 3033 Jens.

328 3048 347 3074 k
381 3048 605 3086 tacentibus
624 3048 675 3087 G.
692 3049 798 3087 Jens.
819 3058 853 3087 et
872 3047 1056 3102 plerique.
1085 3048 1312 3087 carentibus
1331 3047 1475 3098 primus
1502 3048 1599 3101 quod
1618 3047 1840 3100 observarint
1861 3047 2048 3101 Vnst-osian-

334 3103 503 3155 ¹54²·f·
524 3102 843 3156 quemfiquuntur
860 3102 944 3141 alii.
1055 3100 1063 3131 ¹
1093 3102 1370 3142 convicientur
1387 3101 1442 3141 id.

387 3243 459 3269 21.
491 3239 656 3269 manum
674 3224 790 3268 intra
809 3224 1004 3283 pallium]
1041 3224 1143 3268 vid.
1227 3239 1301 3267 cus
1321 3222 1620 3279 comparandus
1640 3223 1709 3267 est.

327 3286 450 3343 supra
478 3299 548 3334 11,
574 3298 615 3336 3,
640 3287 739 3337 138.
1288 3297 1360 3335 24.
1390 3282 1494 3325 illud
1505 3281 1820 3339 jusjurandum]
1867 3279 1967 3324 Vid.
2003 3298 2047 3337 9,

390 3358 461 3386 21.
493 3341 600 3399 {llius
625 3340 792 3383 nominis
809 3338 987 3394 modum]
1021 3341 1145 3383 Men·
1228 3354 1271 3390 2,
1294 3343 1366 3383 62.
1402 3355 1470 3390 ιι,
1496 3356 1535 3394 3,
1562 3344 1659 3383 168.
1713 3339 1822 3382 Illud
1853 3340 1903 3382 de
1930 3341 2047 3384 Peri·

325 3403 459 3443 suram
496 3399 631 3441 omnis
669 3399 773 3452 ejus,
813 3399 923 3456 quod
969 3398 1144 3441 Atticum
1225 3398 1302 3441 elis
1334 3397 1583 3443 fulminibus
1622 3397 1873 3441 illustramus
1912 3398 1964 3441 ad
2000 3413 2046 3449 2,

322 3459 462 3501 vocari
499 3458 661 3507 debeat,
694 3458 811 3500 aiunt
849 3455 920 3499 ess'e
959 3456 1139 3514 Lysiam.
1227 3458 1296 3507 16,
1323 3472 1391 3513 ¹9·

322 3520 532 3559 Caeterum
564 3514 767 3558 simillima
797 3515 883 3558 haec
917 3515 1140 3572 disputatio
1283 3528 1306 3556 2
1315 3529 1356 3568 5.
1386 3522 1510 3557 terrae
1523 3513 1675 3571 fidem]
1708 3513 1823 3557 Fides
1841 3519 1956 3557 certa
1972 3512 2046 3571 se-

322 3574 534 3619 Tulliana
566 3575 608 3615 in
638 3576 811 3617 Oratore
842 3588 881 3617 c.
903 3589 948 3629 9.
978 3574 1054 3632 qui
1079 3571 1139 3616 lo·
1211 3571 1322 3629 getis
1355 3572 1465 3631 apud
1501 3573 1654 3617 Horat.
1686 3573 1769 3615 Od.
1805 3586 1848 3626 3,
1877 3573 1945 3623 16,
1971 3585 2042 3626 30,
