2320 4030
286 311 396 366 454
683 295 762 345 M.
796 293 1007 344 FABII
1042 290 1659 343 QUINCTILIANI·

285 443 439 488 totus
476 430 650 486 nostro
685 429 908 485 arbitrio
943 429 1279 495 constituturi,
1298 444 1431 482 cum
1470 437 1682 482 tantum
1721 427 1815 482 ille
1851 428 2022 484 valeat

286 504 565 558 alternus?
618 501 798 556 Etiam
832 521 956 574 quae
994 502 1131 556 bene
1175 500 1466 571 compofita
1499 509 1678 566 erunt,
1703 502 2017 570 memoriam
2037 510 2112 566 39

286 574 418 629 serie
461 575 554 628 sua
587 572 808 627 ducent.
881 574 1024 626 Nam
1070 573 1202 625 ficut
1244 570 1456 625 facilius
1498 571 1677 624 versus
1715 571 2018 640 ediscimuS,

294 659 452 699 'uam
497 644 699 716 prosam
753 643 1086 697 orationem:
1141 643 1219 696 ita
1265 641 1468 712 prosam
1521 641 1752 695 vinctam
1771 650 1811 708 ⁸,
1856 662 2019 715 quam

284 665 608 771 dissolutam.
683 715 771 768 Sic
805 714 1094 787 contingit,
1119 723 1182 767 ut
1215 713 1376 766 etiam
1414 732 1539 784 quae
1570 731 1637 765 ex
1669 725 1911 786 tempore
1938 714 2018 767 vi-

284 788 549 842 debantur
594 786 772 851 effusa,
823 785 891 839 ad
939 787 1162 839 verbum
1210 783 1436 855 repetita
1481 783 1810 854 reddantur:
1871 786 2020 857 quod

286 858 424 913 meae
446 876 663 930 quoque
686 857 960 910 memoriae
979 855 1407 910 mediocritatem
1432 853 1769 927 sequebatur,
1790 855 1823 908 fi
1851 875 2022 928 quan-

285 930 363 983 do2
382 929 708 982 interventus
732 927 1054 998 aliquorum,
1078 926 1172 998 qui
1207 926 1353 980 hunc
1381 925 1641 982 honorem
1669 939 2016 994 mererentur,

286 1001 475 1055 iterare
511 998 914 1052 declamationis
938 1009 1142 1069 partem
1169 996 1454 1078 coegisset:
1494 1016 1595 1050 nec
1630 997 1703 1050 est
1734 998 2021 1054 mendacio

284 1071 455 1137 Ιοουε,
480 1069 634 1124 salvis
661 1069 755 1142 qui
780 1069 1156 1122 interfuerunt.
1231 1070 1288 1122 S1
1315 1067 1435 1140 quis
1459 1079 1638 1122 tamen
1664 1088 1826 1122 unam
1851 1070 2020 1124 maxi-
2038 1080 2115 1133 40

286 1161 540 1214 mamque
572 1160 605 1194 a
637 1159 726 1194 me
757 1151 924 1194 artem
958 1139 1231 1194 memoriae
1269 1150 1493 1211 quaerat,
1527 1140 1808 1194 exercitatio
1845 1142 1945 1208 est,·
1962 1152 2022 1196 et

283 1214 433 1267 labor
454 1235 471 1265 .-
507 1211 677 1266 multa
702 1210 959 1278 ediscere,
990 1211 1162 1265 multa
1196 1211 1452 1282 cogitare,
1488 1222 1543 1264 et
1585 1212 1651 1282 (fi‘
1679 1211 1790 1266 fieri
1826 1214 2014 1284 potest)

286 1283 556 1356 quotidie,
600 1283 1014 1355 potentiffimum
1063 1282 1153 1336 est.
1227 1281 1390 1336 Nihil
1451 1301 1605 1355 aeque
1655 1283 1740 1336 vel
1788 1295 2021 1357 augetur

286 1374 434 1421 cura,
461 1356 548 1409 vel
587 1353 924 1426 negligentia
961 1353 1255 1408 intercidit.
1330 1354 1514 1408 Quare
1545 1365 1602 1408 et
1633 1353 1784 1426 pueri
1824 1355 2015 1423 statim,
2040 1365 2105 1417 41

285 1438 350 1480 ut
385 1425 633 1497 praecepi,
659 1444 818 1497 quam
852 1424 1083 1497 plurima
1117 1425 1368 1492 ediscant,
1395 1436 1469 1491 et,
1535 1443 1855 1500 uaecumque
1891 1437 2020 1482 aetas

287 1516 499 1580 operam
529 1496 778 1568 juvandae
804 1496 971 1549 studio
997 1496 1270 1550 memoriae
1297 1494 1470 1563 dabit,
1531 1509 1712 1551 evoret
1737 1498 1894 1551 initio
1919 1510 2020 1552 tae·

286 1569 439 1623 dium
473 1567 610 1622 illud
647 1578 705 1622 et
742 1567 930 1639 scripta
964 1578 1020 1622 et
1054 1567 1194 1622 lecta
1227 1567 1418 1639 saepius
1443 1567 1769 1635 revolvendi,
1795 1581 1852 1623 et
1875 1571 2018 1642 quasi

283 1639 542 1694 eumdem
580 1637 765 1693 cibum
800 1638 1166 1693 remandendi.
1243 1638 1408 1693 Quod
1444 1639 1460 1692 i
1502 1639 1614 1693 sum
1651 1639 1757 1694 hoc
1784 1641 1893 1694 fieri
1919 1661 2023 1715 po·-

285 1712 384 1765 test
405 1709 592 1775 leviUS,
619 1709 652 1761 fi
663 1727 846 1833 cpauca
868 1710 1123 1782 primum,
1149 1720 1206 1764 et
1228 1729 1349 1782 quae
1375 1721 1446 1764 tae
1487 1711 1599 1764 ium
1633 1730 1742 1764 non
1779 1713 2019 1781 afferant,

287 1781 606 1855 coeperimus
630 1799 660 1834 e
701 1781 895 1834 iscere:
936 1792 1054 1834 tum
1091 1781 1332 1854 quotidie
1367 1781 1596 1855 adjicere
1632 1782 1866 1857 fingulos
1901 1803 2019 1839 ver-

285 1856 391 1920 sus,
416 1871 648 1925 quorum
673 1852 890 1906 acceffio
914 1851 1086 1906 labori
1109 1853 1312 1907 sensum
1337 1852 1659 1908 incrementi
1684 1874 1791 1908 non
1817 1855 2019 1924 afferat,

288 1925 343 1978 in
387 1925 645 1977 summam
689 1923 791 1976 adt
835 1923 1110 1977 infinitum
1152 1925 1318 1996 usque
1356 1925 1664 1996 perveniatz
1716 1939 1772 1980 et
1810 1928 2022 1998 poetica

287 1995 454 2068 priuS,
488 2006 604 2048 tum
645 2005 936 2061 oratorum,
964 1994 1235 2049 noviffime
1275 1996 1436 2050 etiam
1476 1996 1726 2051 solutiora
1763 1999 2020 2066 numeriS,

288 2079 349 2121 et
372 2066 544 2139 magis
575 2067 642 2118 ab
675 2066 773 2118 usu
809 2065 1026 2119 dicendi
1062 2077 1284 2134 remota,
1313 2067 1491 2139 qualia
1528 2067 1650 2122 sunt
1675 2069 2020 2141 jurisconsul-

291 2151 489 2192 torum.
562 2136 879 2191 Difficiliora
901 2138 1045 2191 enim
1082 2139 1287 2192 debent
1320 2138 1440 2205 effe,
1468 2159 1590 2212 quae
1615 2152 1884 2209 exercent,
1911 2162 2020 2216 quo
2041 2149 2113 2202 42

287 2211 349 2263 fit
376 2209 545 2262 levius
570 2209 585 2261 i
627 2209 739 2262 sum
764 2208 917 2274 illud,
943 2209 999 2261 in
1023 2210 1171 2281 quod
1195 2223 1479 2264 exercent:
1529 2229 1608 2264 υτ
1637 2212 1857 2266 athletae
1881 2233 2019 2296 pon-

288 2281 506 2335 deribus
547 2298 583 2352 p
609 2280 814 2333 umbeis
863 2279 1204 2335 assuefaciunt
1247 2300 1459 2347 mauuS,
1500 2284 1701 2354 quibus
1742 2303 1924 2339 vacuis
1967 2297 2024 2340 et

293 2353 452 2405 nudis
495 2351 550 2403 in
591 2351 879 2404 certamine
915 2351 1177 2406 utendum
1216 2353 1308 2407 est.
1381 2353 1510 2407 Non
1550 2355 1797 2410 omittam
1836 2357 2020 2429 etiam,

332 2423 437 2476 uod
473 2422 800 2494 quotidianis
833 2423 1211 2495 experimentis
1245 2424 1680 2496 deprehenditur,
1708 2428 1932 2482 minime
1957 2430 2021 2481 fi-

266 2445 469 2555 -delem
505 2494 604 2546 effe
644 2494 822 2565 paullo
861 2494 1187 2549 tardioribus
1228 2495 1461 2568 ingeniis
1505 2510 1773 2552 recentem
1811 2519 2021 2554 memo-

291 2567 443 2619 riam.
517 2565 722 2618 Mirum
765 2564 915 2619 dictu
951 2567 1044 2632 est,
1071 2585 1171 2620 nec
1209 2567 1266 2620 in
1307 2578 1527 2640 promtu
1564 2569 1718 2636 ratio,
1756 2572 2020 2642 quantum
2042 2572 2111 2633 43

293 2656 401 2690 nox
439 2636 739 2707 interpofita
775 2637 957 2690 afferat
996 2637 1284 2704 firmitatiS,
1323 2639 1425 2692 five
1462 2639 1687 2712 quiescit
1720 2641 1872 2696 labor
1908 2643 2020 2710 ille,

292 2707 446 2780 cujus
486 2707 580 2760 fibi
618 2706 726 2779 ipsa
761 2706 851 2760 fati
897 2707 1005 2762 atio
1042 2710 1297 2775 obstabat,
1334 2710 1437 2764 five
1473 2722 1786 2779 maturatur,
1815 2714 1978 2788 atque
2001 2726 2022 2750 ¹¹

293 2777 646 2850 concoquitur
667 2787 711 2844 ¹,
736 2778 826 2832 seu
851 2727 1136 2834 ffrmiffima
1161 2780 1276 2853 ejus
1301 2799 1420 2853 pars
1443 2781 1517 2835 est
1542 2783 1871 2839 recordatio:
1899 2801 2022 2858 quae

295 2852 465 2903 statim
501 2847 681 2902 referri
707 2868 814 2903 non
849 2861 1111 2921 poterant,
1138 2856 1496 2906 contexuntur
1522 2854 1722 2925 postera
1757 2855 1862 2922 die,
1889 2877 2021 2912 con-

287 2923 574 2993 firmatque
611 2919 925 2975 memoriam
967 2921 1111 2976 idem
1159 2922 1298 2977 illud
1344 2934 1577 2997 tempuS,
1620 2927 1766 2997 quod
1814 2929 1917 2983 effe
1966 2929 2021 2992 in

345 3110 366 3131 ὁ
390 3100 575 3150 junfiam
592 3101 658 3140 iid.
770 3111 783 3139 t
810 3113 862 3142 ac
876 3102 979 3143 Jens.
1092 3110 1111 3129 ¹¹
1146 3102 1223 3148 five
1241 3102 1292 3143 G.
1311 3114 1359 3144 ac
1378 3105 1485 3146 Jens.
1595 3111 1615 3132 ¹
1646 3109 1832 3160 coquitur
1849 3109 1957 3150 Jens.

353 3272 428 3308 41.
459 3265 504 3298 nt
527 3254 722 3313 precepi]
756 3256 888 3314 Supra
913 3274 951 3307 x,
977 3272 1016 3309 1,
1041 3272 1111 3313 35.
1197 3259 1279 3303 huc
1299 3260 1476 3304 tolleret.

295 3328 337 3358 et
359 3332 400 3365 2,
426 3331 468 3367 7,
491 3330 529 3356 2.
555 3314 626 3370 sq„
1253 3333 1328 3370 42.
1365 3321 1419 3363 Ut
1451 3319 1617 3363 athletae
1643 3322 1910 3378 ponderibus]
1945 3323 2021 3366 vel

356 3386 430 3433 42.
448 3373 610 3430 finficm
627 3371 883 3427 incrementi]
924 3374 983 3415 Ut
1006 3373 1118 3416 Milo
1196 3386 1246 3418 ut
1274 3378 1373 3435 equi
1405 3379 1448 3421 iu
1481 3379 1754 3437 hippodromo
1783 3395 1854 3438 per
1879 3396 2023 3426 arenas

296 3431 378 3474 ine*
395 3430 572 3474 tollendo
604 3444 687 3473 non
714 3431 864 3473 diebus
899 3433 1024 3474 modo
1052 3433 1117 3475 sed
1198 3434 1257 3477 ire
1276 3447 1498 3494 coguntur,
1519 3449 1567 3480 ut
1587 3438 1714 3481 altius
1736 3440 1875 3483 tollere
1900 3441 2022 3506 pedes

296 3491 407 3537 horis
427 3488 594 3546 lingulis
620 3489 770 3539 vitulo,
788 3486 991 3547 perfecisse
1010 3489 1118 3533 dici·
1198 3493 1474 3545 consuescant,
1494 3496 1609 3552 qnod
1639 3505 1682 3538 et
1704 3499 1793 3554 jam
1823 3500 1866 3542 in
1895 3498 2027 3546 iolido

294 3559 379 3595 mr,
397 3559 441 3589 ut
464 3548 611 3590 bovem
631 3547 846 3603 paullatim
864 3545 1022 3600 fuitum
1044 3548 1115 3593 adi
1193 3552 1396 3601 zuntibus
1414 3552 1610 3598 decorum
1630 3554 1699 3599 est.
