2320 4030
647 289 926 341 INSTJT.
962 287 1298 338 ORATOR.
1333 288 1639 337 LIB.V111.
1678 300 1726 353 3.
1960 300 2032 358 35

306 422 596 488 affumitur,
634 423 802 495 ipsum
828 425 928 478 effe
958 424 1152 478 clarius
1190 441 1274 490 ee,
1313 423 1459 495 quod
1485 423 1774 477 illuminat.
1849 424 2032 479 Quare

304 495 423 548 sane
447 496 620 567 poetis
644 496 861 568 quidem
887 495 1257 568 permittamus
1280 494 1584 567 hujusmodi
1609 494 1884 566 exempla:

522 606 715 671 Qualis,
743 606 830 660 ubi
854 607 1118 678 hybernum
1142 606 1347 677 Lyciam
1364 604 1665 679 'Xanthique
1668 606 1876 677 fluenta

522 678 739 750 Deyerit,
767 689 856 731 aut
881 677 1047 758 Delon
1071 687 1344 730 maternam
1370 676 1558 749 invisit,
1583 676 1788 749 Apollo.

218 793 288 849 74
309 788 435 856 Non
461 788 604 844 idem
630 789 843 844 decebit
859 801 1142 855 oratorem,
1157 799 1220 862 ut
1241 789 1470 843 occultis
1487 800 1665 862 aperta
1689 790 2031 846 demonstret.

310 860 415 919 Sed
442 860 578 914 illud
601 880 838 934 quoque,
876 861 943 915 de
969 880 1076 935 quo
1102 861 1156 914 in
1189 861 1521 933 argumentis
1558 860 1809 927 diximuS‚
1848 861 2029 915 fimili-

306 931 510 987 tudinis
545 950 717 1004 genus
757 943 910 986 ornat
932 933 1248 996 orationem,
1284 930 1522 1005 facitque
1546 932 1846 998 sublimem,
1883 934 2033 986 flori-

307 1001 453 1065 dam,
480 1002 798 1074 jucundam‚
836 1004 1154 1058 mirabilem.
1227 1003 1391 1067 Nam,
1418 1021 1527 1075 quo
1563 1022 1791 1076 quaeque
1815 1004 1908 1057 lon
1950 1005 2039 1058 ius

308 1073 476 1144 petita
509 1074 601 1140 est,
658 1075 762 1128 hoc
809 1075 932 1148 plus
974 1076 1123 1128 affert
1166 1074 1434 1138 novitatiS,
1480 1085 1641 1145 atque
1680 1024 2036 1148 inexspegata

219 1161 288 1220 75
311 1144 482 1216 magis
506 1145 595 1198 est.
670 1144 774 1205 Illa,
792 1145 1030 1218 vulgaria
1051 1145 1218 1199 videri
1242 1145 1468 1217 pofl'urit,
1505 1158 1560 1218 et
1583 1146 1742 1219 utilia‘
1759 1157 1934 1199 tamen
1963 1145 2033 1201 ad

310 1216 699 1270 conciliandam
724 1217 902 1282 fidem,
922 1219 1016 1270 UT
1045 1228 1228 1274 terram
1253 1216 1501 1287 cultu‚stc
1523 1217 1740 1270 animum
1764 1217 2050 1290 disciplinis
2074 1230 2076 1232 ’

308 1286 552 1341 meliorem
592 1288 953 1360 uberioremque
990 1289 1139 1360 fieri.
1231 1289 1324 1353 Et,
1392 1305 1474 1341 UT
1523 1289 1697 1341 medici
1744 1287 2036 1358 abalienata

309 1358 488 1411 morbis
511 1360 727 1414 membra
753 1359 1060 1431 praecidunt,
1098 1360 1172 1413 ita
1202 1370 1366 1435 turpes
1390 1378 1449 1414 ac
1482 1360 1780 1432 pernicicffos,
1816 1359 1962 1412 etiam
2016 1380 2037 1412 z

309 1430 445 1486 nobis
450 1431 709 1503 sanguine
739 1431 1034 1498 cohaereant,
1071 1431 1416 1504 amputandos,
1489 1430 1611 1483 Jam
1651 1430 1929 1485 sublimius
1967 1430 1983 1482 i
2011 1428 2057 1474 -'

309 1498 405 1570 lud
446 1518 543 1571 pro
583 1501 803 1575 Archia,
845 1502 985 1555 Saxa
1022 1512 1171 1574 atque
1207 1501 1505 1575 fhlitudines
1551 1501 1660 1555 voci
1683 1503 1704 1534 ¹²
1728 1503 1817 1574 reff
1838 1502 2036 1568 ort-dent,

244 1587 250 1594 “
313 1570 473 1641 bestiae
502 1573 647 1646 saepe'
688 1573 921 1626 immanes
969 1584 1117 1627 cantu
1150 1572 1434 1647 fleHuntur
1475 1582 1626 1646 atque
1668 1515 1936 1646 consfiunt,
1983 1582 2042 1626 et

222 1647 294 1718 76
314 1653 505 1700 cetera,
581 1643 746 1699 Quod
787 1643 1005 1715 quidem
1046 1662 1219 1716 genus
1250 1663 1283 1698 a
1304 1643 1617 1715 quibusdam
1657 1643 2041 1698 declamatoria

315 1713 545 1769 maxime
567 1714 785 1768 licentia
821 1734 975 1768 corru
1014 1727 1128 1768 tum
1169 1716 1269 1768 est:
1334 1735 1457 1768 nam
1506 1727 1562 1768 et
1610 1716 1744 1770 falfis
1793 1727 2038 1782 utuntur,

314 1803 413 1839 nec
432 1784 523 1839 illa
547 1785 632 1852 iis,
653 1786 849 1858 quibus
872 1734 1090 1840 tanXem
1117 1786 1302 1840 similia
1319 1786 1485 1840 videri
1511 1786 1717 1852 volunt,
1738 1787 2036 1859 applicant:

285 1914 293 1917 ⁷
314 1875 543 1932 quorum
571 1868 856 1928 utrumque
881 1857 1028 1916 iniis
1052 1859 1143 1924 est,
1181 1877 1303 1931 quae
1328 1877 1415 1912 me
1449 1858 1648 1931 juvene
1671 1859 1872 1930 ubique
1910 1877 2039 1911 can-

316 1926 454 1980 tare¹
480 1927 742 1992 solebant,
762 1929 1071 2000 Magnorum
1133 1929 1352 1982 uminum
1377 1929 1697 2002 navigabiles
1700 1930 1875 2000 fontes
1917 1939 2040 1993 unt.-

229 2016 294 2073 77
318 2009 392 2064 et,
439 1999 764 2070 Generosioris
807 2001 997 2053 arboris
1083 2001 1204 2053 atim
1250 2001 1431 2072 planta
1470 2022 1578 2053 cum
1598 2002 1787 2073 sruHu
1825 2022 1849 2052 e
1890 2038 1904 2052 .
1979 2003 2044 2053 In

318 2069 465 2123 omni
489 2082 670 2124 autem
693 2071 943 2144 parabola
975 2083 1070 2125 aut
1107 2072 1360 2144 praecedit
1402 2072 1709 2138 fimilitudo,
1749 2083 1806 2124 et
1839 2090 1922 2125 res
1962 2071 2043 2125 se-

319 2141 523 2213 quitur,
576 2153 670 2195 aut
711 2143 964 2215 praecedit
1002 2162 1106 2208 reS,
1159 2154 1215 2196 et
1257 2142 1543 2197 similitudo
1591 2143 1845 2216 sequitur.
1939 2143 2046 2196 Sed

288 2282 290 2284 V
319 2210 533 2265 interim
556 2212 726 2266 libera
757 2225 814 2267 et
844 2214 1074 2286 separata
1105 2216 1209 2274 est:
1248 2213 1483 2280 interim,
1522 2215 1668 2287 quod
1699 2215 1862 2286 longe
1901 2215 2045 2285 opti-

319 2301 472 2336 mum
498 2283 587 2350 est,
626 2304 749 2338 cum
774 2304 848 2350 re,
884 2285 1036 2358 cujus
1061 2286 1131 2338 est
1155 2286 1356 2366 imagO,
1383 2286 1735 2351 conneffltur,
1761 2285 2048 2340 collatione

321 2354 551 2409 invicem
594 2356 960 2480 regpondente,
1002 2357 1152 2428 quod
1191 2356 1319 2409 facit
1366 2357 1576 2409 redditio
1620 2358 1889 2423 contraria,
1927 2375 2050 2428 quae

234 2427 300 2498 78
323 2424 623 2485 α’νταπόδοσις
689 2428 864 2481 icitur.
938 2428 1190 2482 Praecedit
1229 2427 1518 2484 fimilitudo
1555 2427 1666 2495 illa,
1704 2428 1855 2501 cujus
1887 2427 2052 2482 modo

320 2494 427 2549 feci
454 2497 802 2565 mentionem,

890 2631 915 2641 -
957 2632 982 2642 -·
1022 2631 1045 2641 -
1085 2599 1210 2650 Inde
1235 2598 1342 2670 lupi
1367 2619 1451 2650 ceu

749 2669 990 2744 Raptores
1015 2680 1130 2722 atra
1157 2671 1209 2723 in
1232 2670 1432 2723 nebula.

330 2777 564 2851 Sequitur
587 2779 643 2832 in
667 2780 842 2852 primo
870 2781 1198 2852 Georgicon,
1226 2780 1336 2851 post
1379 2781 1597 2852 longam
1639 2780 1707 2833 de
1743 2780 1898 2834 bellis
1923 2780 2054 2837 civi-0-

326 2848 467 2904 libus
489 2861 650 2924 atque
675 2852 906 2906 externis
932 2852 1382 2924 conquestionem,

582 3033 602 3058 ¹¹
633 3044 734 3073 voce
761 3033 813 3073 G.
938 3030 949 3057 ἱ
977 3033 1043 3073 Sic
1061 3033 1166 3073 Jens.
1187 3033 1338 3073 cantari
1357 3033 1510 3073 videtur
1528 3032 1595 3087 effi
1612 3049 1637 3072 a
1657 3034 1785 3085 Regio.

391 3207 463 3246 75.
489 3199 566 3248 pro
585 3191 762 3246 Archia]
795 3192 848 3235 C.
875 3196 918 3234 8.
1237 3190 1346 3235 fiisse.
1389 3192 1548 3233 Addere
1561 3191 1736 3234 Varroni
1757 3200 1798 3235 et
1818 3191 2060 3235 columellae

390 3253 463 3302 78.
493 3249 537 3291 t'n
560 3249 693 3306 primo
712 3248 953 3306 Georgicnin]
997 3250 1048 3292 In
1068 3248 1155 3307 ipso
1238 3264 1404 3306 quoque
1437 3249 1662 3306 fignificat-e
1696 3249 1872 3299 mittere,
1909 3249 2061 3293 immit-

333 3308 430 3351 fine.
473 3307 674 3350 Observ'at
693 3307 761 3350 hic
782 3308 1045 3351 Burmannus
1061 3316 1153 3350 tum
1236 3315 1337 3356 tere,
1346 3306 1526 3363 injicere,
1536 3309 1661 3349 etiam
1677 3307 1817 3350 ubi’de
1827 3321 1958 3350 vacuo
1972 3308 2062 3351 vase

363 3366 466 3413 lura,
484 3365 536 3407 de
574 3364 704 3422 phrafi
725 3366 877 3408 addere
915 3365 976 3418 se3
1021 3375 1112 3407 tum
1133 3379 1158 3406 a
1240 3364 1367 3406 sermo
1379 3365 1446 3413 est,
1467 3365 1560 3407 satis
1570 3365 1889 3409 demonstratum
1902 3366 1942 3408 in
1954 3367 2062 3409 Lex—

359 3423 501 3466 'alerio
512 3421 665 3466 Flacco
681 3424 807 3465 etiam
827 3423 999 3465 tertium
1013 3423 1158 3480 Argo·
1244 3423 1308 3464 ico
1328 3423 1515 3466 Rustico.

250 3517 267 3534 ,
333 3480 530 3525 nauticon
558 3479 714 3524 librum
736 3483 778 3533 in
805 3480 1070 3524 similitudine
1089 3481 1161 3522 de-

1138 3581 1236 3621 172
