2320 4030
630 289 911 340 INSTIT.
945 285 1280 339 ORATOR.
1316 288 1453 339 LIB.
1488 293 1552 340 X.
1591 301 1637 355 7.
1920 305 2016 360 215

219 436 257 495 5
282 425 528 480 retulisse.
603 427 710 480 Sed
747 427 780 480 fi
819 426 955 481 forte
993 426 1185 499 aliquis
1223 426 1364 479 inter
1399 424 1687 479 dicendum
1725 427 2013 482 effulserit‘

190 509 194 513 ·
231 520 241 527 ·
280 498 655 569 extemporalis
691 499 858 565 color,
887 516 993 552 non
1029 497 1374 570 superstitiose
1410 497 1660 567 cogitatis
1694 497 1912 553 demum
1941 501 2015 555 est

278 567 674 623 inhaerendum.
748 570 944 641 Neque
975 569 1122 622 enim
1152 579 1362 622 tantum
1395 567 1601 620 habent
1625 586 1788 635 curae,
1813 583 1876 624 ut
1902 591 2012 626 non

278 639 342 696 fit
376 639 584 694 dandus
621 650 676 694 et
714 639 944 693 fortunae
977 639 1151 705 loom,
1175 657 1303 692 cum
1334 639 1469 710 saepe
1501 639 1661 692 etiam
1697 640 1900 713 scriptis
1927 662 2009 710 ea,

278 729 401 782 quae
441 711 616 764 subito
657 722 782 764 nata
820 711 958 775 sunt,
1003 711 1315 764 inserantur.
1391 710 1631 782 Ideoque
1681 721 1854 765 totum
1905 713 2013 767 hoc

277 782 669 836 exercitationis
705 801 879 854 genus
922 782 997 835 ita
1035 780 1414 835 instituendum
1454 781 1523 834 est
1543 791 1580 846 ⁸,
1610 793 1671 835 ut
1710 793 1765 835 et
1798 783 2010 856 digredi

219 855 255 907 6
277 871 343 906 ex
367 872 454 918 e0,
480 864 537 906 et
570 853 742 907 redire
779 854 835 906 in
874 853 932 906 id
966 852 1121 906 facile
1156 853 1425 923 possimus,
1499 853 1642 905 Nam
1680 863 1742 906 ut
1770 855 2010 926 primum

275 924 365 989 est,
403 923 570 978 domo
607 925 791 978 afferre
832 935 1067 996 paratam
1106 923 1323 977 dicendi
1363 924 1592 996 copiam,
1630 935 1686 978 et
1707 932 1720 958 ⁸
1767 936 2006 980 certam:

227 1059 229 1061 ι
272 991 350 1047 ita
373 995 606 1050 refutare
628 1007 736 1050 tem
780 997 884 1049 oris
907 1013 1129 1049 munera
1153 995 1317 1068 longe
1341 995 1688 1049 stultiffimum
1715 997 1805 1050 est.
1858 998 2011 1052 Qua-

224 1123 227 1127 .
272 1083 331 1119 re
373 1067 606 1138 cogitatio
645 1068 701 1120 in
783 1085 847 1121 oc
886 1086 992 1139 prae
1032 1078 1226 1132 aretur,
1266 1077 1327 1119 ut
1367 1085 1463 1119 nos
1505 1065 1718 1124 fortuna
1761 1068 2008 1141 decipere

246 1132 381 1190 ¹non
409 1139 578 1211 poffit,
607 1138 851 1211 adjuvare
886 1157 956 1209 po
994 1150 1056 1190 lt.
1132 1137 1197 1190 Id
1234 1147 1414 1190 autem
1454 1138 1544 1190 fiet
1581 1140 1852 1192 memoriae
1877 1141 2005 1194 viri-

273 1208 398 1275 buS‚
435 1220 500 1263 ut
537 1210 632 1262 illa
650 1220 691 1276 ⁰,
735 1230 855 1281 quae
899 1208 1165 1280 complexi
1209 1209 1392 1261 animo
1435 1209 1616 1262 sumus
1639 1219 1683 1276 ¹,
1721 1211 1893 1264 fluant
1925 1213 2007 1266 se·—

273 1297 402 1333 cura
421 1291 464 1346 ²,
492 1299 597 1334 non
621 1291 642 1314 ²
677 1281 911 1338 solicitos
946 1292 1000 1333 et
1023 1279 1379 1351 respicienteS‚
1406 1290 1461 1333 et
1485 1298 1592 1332 una
1627 1281 1715 1352 spe
1741 1281 2008 1354 suspensos

271 1352 677 1417 recordationi8‚
707 1372 812 1406 non
853 1352 1024 1405 finant‘
1050 1349 1402 1423 providereb:
1442 1350 1642 1422 alioqui
1678 1351 1764 1406 vel
1799 1363 2008 1408 extem-

270 1423 508 1493 poralem
534 1425 890 1478 temeritatem
914 1422 1076 1490 male,
1102 1441 1263 1494 quam
1290 1421 1430 1476 male
1466 1422 1824 1479 cohaerentem
1853 1427 2008 1498 cogi-

213 1510 248 1566 .7
274 1493 550 1548 tationem.
628 1495 782 1568 Pejus
818 1494 963 1548 enim
1000 1493 1256 1565 quaeritur
1290 1494 1564 1560 retrorFuS,
1590 1494 1722 1566 quia
1756 1513 1882 1549 cum
1916 1498 2010 1551 illa

270 1563 641 1633 desideramuS,
680 1568 749 1620 ab
795 1565 913 1620 aliis
953 1565 1275 1622 avertimur:
1330 1576 1387 1619 et
1423 1583 1489 1618 ex
1528 1566 1788 1620 memoria
1805 1569 2007 1639 „potius

270 1636 585 1709 repetimuS,
612 1657 775 1710 quam
819 1655 887 1690 ex
929 1637 1167 1690 materia.
1246 1636 1403 1690 Plura
1435 1637 1558 1690 sunt
1599 1647 1802 1704 autem,
1829 1639 1904 1691 fic
1939 1660 2006 1693 u·

270 1718 522 1780 trumque
556 1709 903 1781 quaerendum
930 1709 1019 1776 est,
1044 1727 1166 1780 quae
1188 1706 1412 1762 inveniri
1436 1707 1666 1780 possunt,
1693 1728 1856 1782 quam
1882 1731 2004 1784 quae

268 1778 488 1833 inventa
510 1781 645 1833 sunt.
1239 1800 1243 1804 ·
1842 1831 1845 1835 .

341 1852 474 1905 VII.
528 1850 805 1904 Maximus
853 1869 979 1905 vero
1026 1850 1316 1904 studiorum
1365 1849 1571 1904 studius
1620 1852 1712 1916 est,
1755 1861 1812 1905 et
1856 1852 2007 1908 velut
2087 1892 2094 1897 ,

271 1923 559 1995 praemium
598 1922 867 1995 quoddam
906 1922 1322 1995 ampliffimumd
1354 1922 1507 1994 longi
1538 1922 1753 1989 laboriS,
1787 1944 1847 1976 ex
1879 1935 2004 1977 tem·-

263 2006 385 2066 pore
399 1995 602 2047 dicendi
617 1995 854 2066 facultas
874 2016 890 2047 .-
928 2013 1093 2065 quam
1121 1994 1217 2066 qui
1254 2012 1362 2046 non
1391 1994 1494 2046 erit
1524 1994 1860 2061 consecutUS,
1886 2014 2008 2049 mea

270 2064 489 2138 quidem
530 2066 790 2123 sententia
830 2065 1081 2120 civilibus
1122 2065 1310 2118 officiis
1350 2065 1701 2131 renuntiabit,
1745 2077 1801 2119 et
1840 2066 2008 2121 solam

270 2137 531 2190 scribendi
556 2134 863 2192 facultatem
898 2137 1080 2209 potius
1106 2136 1171 2189 ad
1196 2137 1301 2190 alia
1332 2145 1494 2208 opera
1524 2148 1821 2191 convertet.
1895 2137 2007 2193 Vix

268 2207 415 2261 enim
450 2209 605 2261 bonae
631 2209 755 2262 fidei
781 2209 895 2261 viro
919 2209 1171 2262 convenit
1194 2207 1455 2262 auxilium
1493 2207 1547 2260 in
1586 2207 1864 2279 publicum
1886 2209 2006 2281 pol-

268 2279 440 2347 liceri,
467 2280 613 2352 quod
640 2280 695 2332 in
715 2289 735 2312 ⁸
771 2279 1182 2352 praesentiffimis
1210 2279 1510 2352 quibusque
1536 2279 1799 2351 periculi&
1836 2279 2002 2334 defit:

1707 2470 1727 2490 ¹¹
1760 2477 1808 2505 ea
1826 2466 1878 2505 G.
1897 2465 2003 2505 Jens.

1792 2525 1808 2546 Ε
1841 2521 2008 2560 strictius

786 2477 802 2499 ⁸
829 2481 898 2505 om.
919 2466 971 2505 id.
1128 2467 1142 2494 ἲ
1170 2473 1210 2504 et
1228 2472 1380 2503 certam
1400 2476 1468 2500 om.
1490 2462 1543 2502 id.

663 2531 687 2553 2
715 2535 783 2559 om.
805 2521 856 2559 G.
981 2522 995 2540 ²
1031 2532 1081 2558 ne
1101 2520 1206 2559 Jens.
1333 2519 1350 2543 δ
1383 2517 1598 2568 praevidere
1616 2516 1669 2556 id.

723 2576 742 2604 ‘¹
772 2589 841 2626 σξη.
862 2575 914 2614 G.
934 2575 1110 2625 amplius
1129 2573 1234 2612 Jens.
1362 2578 1379 2596 ἓ
1410 2585 1480 2609 om.
1503 2571 1552 2610 G.
1573 2572 1679 2612 Jens'.

321 2477 340 2500 τ
366 2466 563 2517 effluxerit
581 2466 633 2507 id.

272 2525 292 2546 ¹
326 2520 450 2559 simus
468 2521 536 2559 iid.

269 2573 336 2628 ins.
357 2575 410 2614 id.
436 2572 520 2614 vid.
540 2584 617 2614 not.

333 2740 373 2780 5.
417 2725 703 2783 extemjoralis
734 2724 858 2780 color]
907 2725 1092 2768 Calorem
1177 2723 1208 2765 i.
1230 2738 1268 2765 e.
1291 2722 1440 2778 quovis
1462 2722 1600 2772 modo,
1614 2723 1798 2764 omnino.
1833 2723 2003 2781 Siqua-

270 2785 491 2835 Obrechti5
531 2787 604 2842 qui
646 2785 778 2841 placet
816 2787 941 2826 etiam
982 2784 1092 2825 Bur·
1175 2796 1342 2837 cunque
1378 2781 1535 2823 ratione
1573 2781 1840 2838 quaerendum,
1867 2783 1936 2833 est,
1973 2783 2002 2827 fi

269 2857 438 2893 mamm,
457 2842 702 2900 recepissem,
725 2842 750 2884 si
780 2842 843 2884 vel
872 2857 956 2884 uno
979 2843 1021 2883 in
1044 2841 1092 2884 li·
1173 2839 1381 2883 necessitas
1413 2839 1528 2896 cogit
1560 2839 1765 2882 dicentem
1805 2843 2003 2884 memoria

0 3915 20 4030 ''J-'532
8 3855 21 3889 -⁴.

271 2902 348 2943 bro
379 2900 626 2944 invenissem.
677 2901 887 2943 Caeterum
917 2901 997 2943 huc
1029 2899 1095 2942 fa·

271 2960 345 3009 cit,
366 2959 477 3015 quod
497 2960 547 3001 de
568 2958 763 3002 Gallione
782 2968 919 3001 narrat
945 2959 1094 3000 Seneca

271 3018 378 3060 Exc.
403 3019 601 3059 Controv.
629 3033 669 3070 3.
694 3017 765 3059 Pr.
789 3017 964 3059 Elzevir.
999 3014 1094 3058 Sine

270 3074 554 3118 commentario
596 3090 802 3131 nunquam
846 3073 1098 3127 dixit-Sed

269 3147 360 3175 cum
382 3134 598 3189 procedere
621 3132 738 3175 nollet
766 3132 840 3186 ng‘fi
863 3131 1093 3190 inflruHus,

268 3189 440 3233 libenter
475 3190 530 3232 ab
567 3190 836 3249 instrumentis
862 3190 1091 3233 recedebat.

271 3249 342 3291 Ex
373 3256 547 3305 tempore
574 3251 735 3291 comus
762 3249 912 3298 dicere,
940 3248 1095 3304 infinito

258 3307 310 3364 se
335 3304 611 3348 antecedebat.
664 3306 883 3363 Nunquam
909 3321 987 3349 non
1013 3304 1094 3348 uti-

270 3363 350 3406 lius
367 3373 459 3407 erat
485 3363 547 3407 illi
567 3363 809 3422 deprehendi
835 3378 957 3421 quam
982 3371 1096 3420 prae-

264 3422 422 3478 parari
440 3423 520 3466 &a

334 3495 376 3532 7.
386 3479 427 3536 fi
442 3489 656 3537 utrumque
673 3479 954 3537 quaerendum]
978 3476 1097 3538 Qid

271 3536 300 3580 si
321 3552 396 3596 pro
424 3547 635 3596 utrumque
662 3547 873 3594 utcumque
892 3538 1097 3595 legamuS,

1173 2897 1340 2940 fallente
1374 2911 1571 2953 quaerere,
1611 2898 1753 2954 potius
1793 2900 1999 2952 antrorsus

1174 2965 1352 3012 quaerat,
1374 2970 1476 3007 cum,
1503 2953 1633 3011 plura
1665 2954 1740 2997 sint
1766 2969 1860 3013 quae
1875 2952 2003 3000 inve..

1174 3013 1260 3057 niri
1279 3015 1331 3055 ab
1351 3013 1517 3055 homine
1537 3027 1618 3054 non
1648 3013 1810 3111 sturpido
1833 3014 2002 3072 pqffunt,

1174 3086 1303 3128 quam
1316 3085 1408 3128 quae
1427 3072 1539 3114 domi
1564 3070 1652 3125 jam
1673 3085 1725 3113 a)
1747 3086 1794 3113 eo
1821 3073 2002 3126 inventa

1175 3140 1216 3172 et
1247 3130 1288 3172 in
1323 3130 1638 3172 commentarios
1668 3128 1811 3180 relata,
1844 3144 2011 3175 memo..

1176 3188 1248 3230 riae
1261 3187 1430 3245 quidem
1445 3187 1728 3229 commendata
1732 3189 1850 3244 sunt.
1874 3190 2001 3249 Qae.

1177 3246 1367 3296 rendum,
1392 3246 1580 3302 inquam,
1609 3258 1691 3286 non
1718 3245 1822 3301 quid
1849 3246 2003 3290 dixeri·

1177 3318 1289 3355 mus,
1309 3303 1593 3356 omiserimus3
1628 3300 1692 3344 sed
1712 3303 1815 3360 quid
1828 3305 1914 3358 jam
1935 3305 2002 3349 di-

1177 3363 1353 3404 cendum
1373 3360 1436 3403 sit.
1469 3360 1715 3417 Aliquoties
1733 3361 1820 3404 haec
1840 3375 1921 3406 vox
1939 3364 2001 3406 la·

1179 3420 1304 3463 bendi
1351 3417 1532 3461 librariis
1578 3417 1825 3462 occasionem
1869 3421 2000 3465 dedic.

1181 3479 1281 3521 Vid.
1309 3492 1377 3529 ιι,
1400 3493 1442 3528 2,
1466 3491 1540 3530 24.
1578 3491 1647 3529 11,
1672 3490 1712 3530 3,
1738 3490 1837 3521 τοι.

1197 3623 1292 3673 1²4
