2320 4030
349 314 415 360 4ο
770 297 845 346 Μ.
881 296 1084 346 FABII
1122 294 1691 344 QUINCTILIANI

356 431 551 486 deinde
576 432 779 505 aliquid
802 432 1173 504 suprapofitum
1209 431 1299 483 est.
1370 420 1587 482 Tertius
1623 422 1837 500 quoque
1860 429 1933 482 est
1957 422 2131 489 liro-‘7

356 505 477 568 dnm,
516 503 585 556 ad
608 521 769 575 quem
792 521 899 556 non
924 520 1016 573 per
1038 501 1232 574 gradus
1255 501 1383 564 itur,
1409 510 1470 552 ut
1486 511 1519 535 ¹¹
1555 514 1595 622 Ἄ
1631 498 1702 552 od
1737 501 1939 553 non-est
1958 500 2079 570 plus

356 593 518 646 quarn
547 575 863 638 maximum,
902 573 989 626 sed
1014 590 1122 645 quo
1147 571 1280 624 nihil
1322 570 1492 643 majus
1525 590 1556 624 e
1603 611 1616 624 .
1690 571 1916 642 Mqtrem
1943 581 2078 624 tuam

358 644 623 717 occidisti⁰;
703 645 842 715 Quid
882 645 1043 697 dicam
1091 642 1352 715 amplius?
1409 643 1636 697 Matrem
1675 650 1811 693 tuam
1848 642 2075 712 occidisti.

358 716 504 769 Nam
533 727 588 768 et
623 715 728 767 hoc
771 715 1003 786 augendi
1029 732 1200 786 genus
1239 713 1330 778 est,
1380 722 1591 765 tantum
1612 711 1824 784 'aliquid
1851 712 2074 777 efficere,

356 797 421 839 ut
446 805 552 838 non
592 786 741 856 poffit
780 785 983 857 augeri.
1075 784 1277 837 Crescit
1316 783 1485 837 oratio
1531 783 1710 835 minus
1756 783 2079 852 aperte5sed
2100 774 2131 828 8

358 857 534 910 nescio
581 871 661 908 an·
690 856 793 908 hoc
840 856 949 927 ipso
986 855 1271 920 efficacius,
1323 872 1448 906 cum
1511 853 1643 906 citra
1691 852 2078 907 distin&ionem

345 928 415 980 sin
455 937 708 980 contextu
743 937 798 979 et
841 927 993 978 cursu
1027 926 1228 996 semper
1269 923 1474 996 aliquid
1513 924 1684 996 priore
1719 923 1891 996 majus
1942 924 2078 978 inse-

318 1025 323 1028 -
357 997 573 1070 quitur:
609 1007 674 1050 ut
696 996 763 1048 de
789 997 994 1049 vomitu
1017 996 1070 1048 in
1097 995 1394 1048 Antonium
1434 995 1645 1061 Cicem,
1690 995 1754 1047 In
1794 1005 1920 1048 coetu
1959 1015 2079 1050 vero

353 1069 529 1140 populi
575 1068 802 1132 Romani,
842 1068 1088 1139 negotium
1137 1066 1385 1139 publicum
1422 1085 1618 1138 gerens,
1649 1085 1748 1118 ‘ma
1788 1064 1898 1136 ister
1937 1067 2078 1139 eqni-

361 1149 481 1191 tum.
579 1138 807 1210 Singula
847 1138 1232 1191 incrementum
1279 1138 1497 1190 habent.
1597 1138 1694 1189 Per
1752 1155 1782 1188 e
1820 1135 2078 1204 deforme,

360 1208 444 1261 vel
470 1226 575 1261 non
602 1210 656 1262 in
683 1220 845 1275 coetu,
881 1226 1106 1262 vomere.-
1146 1208 1200 1261 in
1228 1219 1372 1261 coetu
1414 1207 1594 1273 etiam,
1623 1227 1718 1276 non
1736 1207 1941 1280 populi.-
1981 1226 2078 1280 po-

358 1280 473 1350 puli
498 1279 679 1346 etiam,
721 1300 819 1332 non
843 1280 1091 1349 Romaniq
1126 1279 1230 1344 vel,
1275 1279 1307 1331 fi
1334 1278 1540 1330 nullum
1567 1280 1815 1349 negotium
1838 1289 2021 1351 ageret
2035 1286 2082 1342 ⁰5

359 1349 465 1417 vel,
494 1351 527 1403 fi
561 1369 667 1403 non
700 1351 985 1424 publicum.-
1030 1351 1133 1415 vel,
1177 1350 1209 1402 fi
1251 1368 1357 1402 non
1400 1349 1628 1422 magister
1667 1349 1898 1421 equitum.
1973 1351 2080 1404 Sed
2101 1359 2135 1412 9

360 1420 499 1473 aiius
522 1421 783 1474 divideret
807 1421 944 1486 haee,
985 1432 1039 1474 et
1076 1422 1217 1474 circa
1239 1420 1474 1492 singulos
1514 1420 1708 1492 gradus
1749 1432 2076 1475 moraretur:

361 1490 452 1544 hic
477 1492 529 1544 in
558 1492 780 1544 sublime
804 1493 963 1545 etiam
991 1493 1174 1557 currit,
1215 1504 1270 1544 et
1315 1491 1380 1543 ad
1408 1491 1674 1544 summum
1700 1491 1939 1562 pervenit
1973 1511 2079 1545 non

361 1562 510 1626 nixu,
534 1562 622 1615 sed
641 1563 898 1633 ¹'impetu.
972 1562 1200 1628 Verum,
1240 1573 1300 1614 ut
1326 1562 1443 1614 haec
1470 1562 1807 1634 amplificatio
1843 1563 2079 1634 insupe-

361 1632 498 1685 riora
524 1633 714 1699 tendit,
743 1635 835 1698 ita,
867 1653 988 1705 quae
1020 1634 1080 1686 fit
1113 1652 1205 1705 per
1229 1636 1650 1704 comparationem,
1690 1633 2081 1698 incrementum

361 1720 426 1755 ex
447 1705 744 1757 minoribus
769 1708 920 1774 petit.
954 1758 963 1761 ,,
998 1705 1266 1776 Augendo
1305 1704 1470 1769 enim,
1514 1704 1658 1776 quod
1691 1705 1761 1757 est
1788 1703 1938 1770 infra,
1981 1723 2080 1761 ne-

278 1774 285 1781 ’
362 1774 493 1826 ceffe
533 1776 605 1827 est
646 1776 876 1828 extollar
910 1776 985 1842 id,
1027 1776 1173 1846 quod
1220 1775 1368 1846 supra
1405 1776 1629 1846 pofitum
1673 1775 1775 1828 est:
1818 1786 1881 1828 ut
1915 1776 2079 1842 idem,

359 1855 523 1916 atque
546 1845 601 1897 in
623 1846 811 1898 eodem
839 1847 977 1911 loco,
1019 1844 1075 1900 Si
1101 1849 1182 1899 hoc
1208 1847 1298 1898 tibi
1329 1847 1458 1898 inter
1480 1866 1683 1911 coenam,
1711 1846 1834 1898 etin
1858 1846 1961 1899 illis
1984 1848 2079 1899 im·
2108 1853 2173 1891 10

359 1915 586 1968 manibus
605 1917 791 1989 poculis
818 1918 915 1970 tuis
957 1918 1218 1990 accidiffi’t,
1259 1918 1367 1989 quis
1409 1937 1505 1970 non
1543 1927 1683 1989 turpe
1715 1918 1908 1970 duceret
1924 1917 1990 1970 ⁴³?
2029 1919 2084 1972 in

360 1996 486 2039 coetu
509 2007 624 2041 vero
696 1988 827 2060 opuli
852 1989 1077 2041 Romani.
1153 1999 1169 2021 ⁵
1191 1991 1262 2040 Et
1305 1989 1359 2039 in
1384 1988 1692 2054 Catilinam,
1723 1989 1870 2042 Servi
1893 1990 2082 2041 meher-

361 2057 433 2108 cle
449 2065 463 2090 1
487 2059 577 2109 mei
604 2001 758 2127 fipme
784 2059 865 2129 islo
883 2067 1027 2132 pado
1053 2070 1334 2125 metuerent,
1375 2069 1433 2111 ut
1460 2070 1503 2111 te
1528 2070 1750 2112 metuunt
1775 2080 1931 2112 omnes
1955 2061 2085 2114 cives

360 2128 453 2192 tui,
481 2129 674 2180 domum
719 2150 874 2181 meam
911 2131 1298 2202 relinquendam*
1307 2140 1553 2202 putarem.
1629 2131 1852 2183 Interim
1887 2148 2080 2213 propo·
2109 2140 2168 2186 11

359 2198 453 2250 fito
480 2198 623 2251 velut
650 2200 799 2252 fimili
827 2201 1088 2272 exemp10‚
1118 2201 1452 2254 efficiendum
1492 2203 1583 2265 est,
1620 2213 1681 2255 ut
1717 2202 1777 2254 fit
1797 2209 1970 2273 *majus
2006 2202 2082 2269 id,

361 2270 507 2341 quod
533 2288 563 2322 a
589 2270 740 2323 nobis
773 2272 1201 2343 exaggerandum
1229 2274 1298 2326 est
1320 2282 1340 2304 ¹²
1365 2293 1378 2325 z
1423 2282 1487 2325 ut
1523 2272 1666 2324 idem
1690 2291 1785 2344 pro
1811 2271 2083 2340 CluentiO,

361 2357 484 2392 cum
514 2341 838 2412 exposuisset,
859 2342 1116 2395 Milefiam
1139 2351 1157 2374 '‘
1180 2343 1467 2413 quamdam
1486 2362 1516 2396 a
1535 2343 1777 2396 secundis
1801 2344 2085 2398 heredibus

362 2429 459 2482 pro
483 2413 671 2464 abortu
701 2413 979 2482 pecuniam
1010 2414 1276 2486 aceepiffe,
1307 2415 1500 2466 Quanto
1538 2413 1620 2484 est,
1665 2415 1858 2486 inquit,
1894 2415 2086 2486 Oppia-

363 2481 500 2534 nicus
537 2484 590 2533 in
632 2483 798 2535 eadem
843 2484 1028 2556 injuria
1069 2486 1247 2558 majore
1275 2485 1517 2556 supplicio
1553 2486 1737 2555 dignus
1758 2488 1789 2537 ,ἕ
1837 2486 2089 2556 Siquidem

363 2551 477 2616 illa,
505 2573 609 2604 cum
639 2555 737 2623 suo
762 2557 947 2626 corpori
993 2555 1098 2607 vim
1144 2556 1397 2626 attuliſjet,
1431 2557 1493 2628 fi
1536 2557 1642 2628 ipsa
1682 2557 1957 2609 cruciavit:
2009 2558 2089 2610 hic

364 2633 527 2674 autem
554 2624 680 2675 idem
704 2624 835 2676 illud
873 2626 1031 2695 {ffi'cit
1064 2639 1154 2698 per
1178 2627 1328 2679 alieni
1355 2628 1562 2699 corporis
1607 2628 1711 2680 vim
1754 2638 1902 2699 atque
1926 2629 2086 2680 cruci-
2113 2626 2120 2635 ’

363 2704 516 2745 atum.
586 2695 711 2762 ‘Nec
745 2706 896 2765 putet
936 2696 1211 2768 quisquam
1259 2697 1382 2764 hoe,
1428 2717 1747 2769 quamquam
1790 2700 1859 2750 est
1899 2699 2083 2764 simile,
2113 2707 2176 2748 12

363 2761 443 2815 illi
470 2783 535 2815 ex
562 2765 892 2836 argumentis
917 2767 1056 2830 loco,
1104 2787 1212 2839 quo
1254 2768 1455 2839 majora
1492 2787 1557 2822 ex
1597 2769 1891 2822 minoribus
1932 2770 2085 2822 colli-

363 2847 583 2904 guntur,
609 2835 750 2887 idem
776 2836 894 2888 effe.
971 2838 1087 2889 Illic
1113 2839 1255 2891 enim
1283 2839 1507 2912 probatio
1530 2841 1747 2911 petitur,
1785 2841 1874 2892 hic
1900 2841 2085 2913 amp'li-

346 2904 527 2975 ficatio
548 2927 564 2957 .-
604 2906 733 2958 ficut
758 2907 809 2957 in
841 2908 1138 2978 Oppianico
1165 2928 1269 2961 non
1313 2910 1368 2962 id
1407 2911 1583 2981 agitur
1623 2910 1676 2962 in
1711 2911 1840 2965 illaz
1866 2930 2085 2983 compa-

365 2975 587 3041 ratione,
614 2988 675 3028 ut
710 2976 801 3028 ille
841 2978 983 3030 male‘
1018 2978 1220 3044 fecerit,
1270 2981 1376 3044 sed,
1423 2994 1484 3033 ut
1526 2981 1694 3051 pejus.
1771 2983 1858 3033 Est
1904 2994 2086 3036 tamen

365 3063 691 3119 quamquam
718 3047 1032 3101 diversarum
1071 3069 1245 3103 rerum
1273 3050 1517 3123 quaedam
1538 3052 1751 3105 vicinia.
1829 3055 2086 3126 Repetam

398 3247 402 3250 ·
433 3235 463 3255 “¹
491 3235 530 3265 et
550 3228 601 3266 G.
621 3229 724 3268 Jens.
836 3234 853 3253 ¹*
887 3231 1059 3269 cecidisti
1083 3234 1186 3271 Jens.
1284 3237 1302 3256 ⁰
1334 3243 1514 3283 ageretur
1532 3235 1582 3273 G.
1671 3241 1690 3267 P
1717 3242 1757 3273 et
1770 3236 1876 3276 Jens.
1976 3241 2003 3267 ⁸¹
2029 3236 2089 3274 di-

368 3289 471 3319 ceret
501 3281 551 3320 G.
579 3282 788 3322 duceretur
804 3284 909 3321 Jens.
1037 3294 1052 3317 ⁸
1081 3287 1157 3325 Sed
1177 3286 1244 3339 ins.
1272 3287 1326 3326 id.
1435 3295 1441 3310 ¹
1478 3289 1679 3327 mehercle
1698 3289 1750 3328 id.
1897 3296 1916 3319 u
1944 3304 2012 3328 om.
2033 3291 2085 3330 G.

367 3340 392 3364 ¹
419 3334 630 3373 mulierem
650 3337 700 3374 G.
731 3337 954 3379 molestiam
972 3339 1081 3379 Jens.
1190 3346 1206 3365 ²
1240 3342 1318 3378 hac
1338 3341 1390 3378 G.

565 3516 635 3544 12.
665 3503 825 3559 majora
842 3517 896 3546 ex
917 3504 1158 3559 minoribus]
1189 3506 1254 3549 De
1274 3519 1359 3564 quo
1379 3507 1536 3564 copiose
1562 3523 1601 3562 5,
1627 3523 1697 3559 xo,
1723 3512 1774 3551 86
1798 3508 1888 3566 sq‹1.
