2320 4030
159 1427 225 1466 ιο
247 1412 369 1476 tior.

543 282 825 333 INSTIT.
870 280 1214 337 ORATOR.
1248 281 1394 332 LIB.
1424 282 1545 332 XII.
1586 298 1661 331 10.

1862 299 1959 345 333

234 436 271 483 a
299 418 558 492 plerisque
581 418 834 472 tribuitur
854 418 878 451 ¹⁵
914 418 1109 491 palma,
1138 427 1336 484 tamen,
1361 436 1429 471 ne
1466 417 1602 471 nihil
1636 416 1965 484 detrahatur,

182 486 216 543 8
241 490 408 543 deeffe
431 490 638 562 pondus
662 501 871 561 putant.
944 493 1087 543 Nam
1121 499 1185 542 ut
1215 489 1465 542 humanae
1498 491 1682 542 formae
1716 488 1968 542 decorem

239 561 504 615 addiderit
526 561 677 632 supra
699 579 903 625 verum,
930 560 1004 613 ita
1039 578 1150 613 non
1181 559 1459 633 explevisse
1481 561 1492 592 ¹
1531 559 1755 613 deorum
1780 560 1969 614 auEto-

240 633 452 686 ritatem
477 631 706 686 videtur.

781 633 928 686 Quin
967 642 1181 684 aetatem
1204 649 1421 702 quoque
1451 630 1747 704 graviorem
1770 630 1972 684 dicitur

240 702 506 775 refugiffe,
530 701 668 755 nihil
702 702 854 755 ausus
893 701 1033 755 ultra
1066 702 1255 755 levesm
1292 721 1478 774 genas.
1551 701 1630 755 At
1667 720 1790 774 quae
1817 702 1969 771 Poly-

184 791 219 845 9
242 774 359 827 cleto
399 773 703 838 defuerunt,
741 773 944 825 Phidiae
981 783 1143 844 atque
1180 770 1443 826 Alcameni
1472 771 1683 826 dantur.
1757 772 1970 825 Phidias

243 855 423 897 tamen
468 845 590 909 diis,
635 862 798 916 quam
840 843 1168 909 hominibuS,
1210 843 1500 897 efficiendis
1546 841 1736 896 melior
1782 843 1975 896 artifex

242 916 486 981 traditur,
513 915 570 967 in
605 915 766 967 ebore
806 933 931 967 vero
966 915 1132 987 longe
1168 915 1301 967 citra
1337 913 1611 978 aeniulum‚
1638 914 1723 967 vel
1754 915 1788 966 fi
1814 914 1970 979 nihil,

244 987 336 1038 nisi
369 986 668 1039 Mnervam
700 986 930 1051 Athenis,
959 998 1050 1038 aut
1089 985 1231 1056 Olym
1266 989 1368 1038 ium
1404 985 1457 1038 in
1489 985 1646 1038 Elide
1666 986 1860 1050 Jovem,
1887 985 1971 1037 fe-

242 1056 416 1110 ciss'et:
459 1057 610 1129 cujus
646 1057 988 1127 pulchritudo
1023 1056 1191 1128 adjeci
1232 1075 1263 1111 e
1299 1056 1505 1129 aliquid
1543 1056 1704 1110 etiam
1741 1068 1972 1127 receptae

243 1128 492 1201 religioni
529 1127 770 1180 videtur:
821 1127 955 1180 adeo
1005 1129 1243 1200 majestas
1286 1127 1459 1199 operis
1507 1128 1670 1181 deum
1719 1127 1971 1199 aequavit.

241 1199 334 1253 Ad
365 1199 639 1253 veritatem
663 1198 926 1271 Lysippum
957 1210 1014 1251 et
1041 1198 1346 1252 Praxitelem
1370 1198 1620 1252 acceffiffe
1653 1199 1856 1271 optime
1889 1197 1972 1251 af·-

246 1269 476 1327 firmant.
549 1271 695 1324 Nam
739 1268 1021 1323 Demetrius
1053 1281 1324 1341 tamquam
1370 1269 1567 1322 nimius
1603 1271 1660 1323 in
1693 1288 1756 1324 ea
1790 1288 1971 1341 repre-

244 1341 520 1406 henditur,
547 1353 603 1394 et
626 1340 728 1393 fuit
753 1338 1127 1406 fimilitudinis,
1151 1359 1308 1413 quam
1335 1340 1762 1413 pulchritudiniS,
1789 1359 1974 1395 aman-

445 1414 510 1464 In
534 1412 771 1465 oratione
795 1430 917 1464 vero
954 1412 988 1464 fi
1013 1413 1210 1484 species
1235 1412 1431 1470 intueri
1456 1410 1605 1476 veliS,
1632 1411 1856 1466 totidem
1884 1431 1976 1482 pe...

249 1502 316 1536 ne
361 1483 590 1555 reperias
638 1482 998 1554 ingeniorum,
1043 1495 1179 1556 quot
1225 1502 1527 1566 corporum,
1577 1482 1792 1536 formas.
1865 1483 1975 1537 Sed

247 1553 396 1608 fuere
420 1554 662 1626 quaedam
695 1572 894 1626 genera
929 1555 1141 1608 dicendi
1176 1554 1484 1608 conditione
1514 1565 1817 1626 temporum
1841 1554 1972 1607 hor-

247 1625 457 1690 ridiora,
479 1625 682 1696 alioqui
717 1643 968 1697 magnam
996 1626 1108 1697 jam
1138 1625 1342 1698 ingenii
1376 1625 1484 1677 vim
1517 1644 1623 1697 prae
1653 1627 1706 1679 se
1731 1625 1972 1678 ferentia.

249 1697 397 1750 Hinc
436 1696 557 1749 sunt
597 1696 770 1761 Laelii,
809 1697 1067 1766 Africani,
1110 1698 1334 1763 CatoneS,
1376 1697 1702 1767 Gracchique,
1735 1716 1870 1768 quos
1915 1709 1980 1750 tu

247 1767 376 1822 licet
396 1767 690 1840 Polygnotos
717 1766 799 1820 vel
827 1768 1079 1820 Calonas¹¹
1107 1768 1354 1840 appelles,
1427 1768 1670 1821 Mediam
1696 1768 1841 1821 illam
1866 1767 1976 1821 for-

161 1853 221 1896 11
249 1858 392 1892 mam
433 1846 689 1892 teneant⁰
730 1839 796 1891 L.
849 1840 1064 1910 Craffizs,
1109 1841 1175 1910 Q.
1221 1838 1528 1909 Hortensius,

1601 1841 1741 1893 Tum
1782 1839 1976 1893 deinde

248 1908 539 1964 efflorescat
572 1929 681 1962 non
721 1909 953 1962 multum
993 1911 1131 1964 inter
1167 1911 1217 1964 se
1252 1910 1553 1963 distantium
1579 1920 1818 1980 tempore
1855 1930 1974 1964 ora-

248 1992 435 2041 torum*
450 1981 639 2062 ingens
665 1993 970 2052 proventus·
1050 1983 1192 2035 Hinc
1217 1983 1322 2036 vim
1348 1981 1585 2046 CaesariS,
1609 1981 1819 2035 indolem
1847 1983 1975 2035 Coe-

246 2052 324 2120 lii,
335 2053 672 2126 subtilitatem
699 2051 932 2115 callidii,
953 2055 1264 2124 gravitatem
1300 2053 1474 2119 Bruti,
1500 2073 1702 2106 acumen
1726 2053 1974 2125 Sulpicii,

250 2124 564 2187 acerbitatem
602 2123 777 2188 Caffii,
805 2123 1121 2195 diligentiam
1148 2123 1422 2189 Pollionis,
1449 2123 1745 2196 dignitatem
1780 2125 1978 2178 Meffa-

248 2195 665 2266 lae,sane²itatem
692 2194 843 2248 Calvi
878 2196 1223 2266 reperiemus·

1303 2198 1363 2248 In
1396 2194 1482 2248 his
1513 2195 1696 2261 etiam,
1722 2215 1858 2268 quos
1882 2196 1976 2320 i¹pfi

1835 2268 1888 2321 A
1912 2268 1977 2334 ri,

254 2267 503 2333 vidimus»,
529 2267 712 2338 copiam
749 2267 983 2331 Senecae,
1008 2267 1143 2319 vires
1175 2266 1435 2331 Africani,
1461 2267 1798 2320 maturitatem

233 2338 602 2411 jucunditatem
628 2337 815 2408 Crispi,
833 2339 1015 2410 finum
1040 2338 1310 2392 Trachalli
1331 2348 1373 2403 Ρ,
1399 2337 1698 2410 elegantiam
1725 2338 1980 2393 Secundi.

307 2490 324 2517 ²²
358 2492 554 2532 tribuatur
566 2492 676 2533 Jens.

818 2489 829 2516 ¹
860 2492 1090 2554 explicuifl'e
1111 2491 1162 2531 G.

1299 2497 1338 2524 ’ἱ
1362 2491 1472 2531 lenes
1492 2492 1544 2531 G.
1681 2498 1700 2517 ¹²
1733 2492 1903 2532 Calones
1922 2494 1978 2534 G.

251 2547 358 2586 Jens.
384 2546 464 2586 Sel
488 2547 626 2586 Graeca
654 2546 861 2584 terminatio
879 2561 919 2584 m
945 2547 1084 2585 nomine
1105 2547 1235 2585 Gracc
1256 2546 1506 2600 praeferenda,
1528 2560 1570 2584 ne
1589 2545 1748 2586 calones
1767 2548 1848 2600 quis
1874 2549 1981 2586 Lati·

252 2614 314 2639 nu
331 2599 534 2652 intelligat,
553 2600 650 2654 quod
663 2610 779 2639 monet
797 2602 930 2640 Burm.

308 2752 359 2791 ,9.
389 2743 596 2792 tamquam
612 2734 780 2789 nimius]
818 2736 868 2778 In
888 2734 1072 2793 pulchri-

251 2794 398 2836 tudine
430 2794 608 2836 nimium
637 2794 707 2836 effi:
738 2793 842 2851 poss'e
871 2794 1073 2836 artificem

254 2861 444 2910 apertum
490 2851 570 2893 est:
624 2852 687 2894 sed
733 2853 774 2894 in
813 2851 1074 2894 similitudine

253 2913 382 2953 etiam
419 2910 574 2953 nimius
612 2907 753 2959 fuerit,
793 2909 820 2952 fi
858 2912 954 2967 quis
992 2924 1074 2952 non

255 2982 393 3011 naevos
421 2968 560 3018 modo,
590 2968 655 3011 sed
683 2967 861 3010 lichenas
890 2967 1014 3010 etiam
1034 2977 1074 3010 et

256 3025 455 3086 pustulas,
492 3026 655 3082 aliaque
693 3026 855 3068 minuta
892 3026 1074 3082 corporis

256 3085 379 3135 vitia,
411 3098 505 3141 quae
543 3084 710 3141 quidem
748 3085 799 3126 ad
839 3084 1002 3126 vultum
1036 3093 1076 3125 et

258 3142 449 3186 habitum
486 3142 668 3199 corporis
714 3141 820 3184 nihil
857 3142 1076 3209 pertinent,

239 3201 359 3243 ‚velit
390 3201 627 3258 exprimere.
678 3200 800 3243 Subit
830 3199 897 3242 hic
927 3199 1077 3242 vitium

258 3259 518 3315 quorundam
535 3256 823 3300 'fimilitudinis
852 3257 1076 3308 artificum,

257 3317 349 3386 qui,
367 3329 416 3359 ut
444 3315 701 3360 nobilissimis
730 3314 866 3359 saeculi
895 3315 1077 3373 superio·

258 3390 317 3419 ns
345 3374 542 3433 exemplis
561 3383 671 3423 utar,
693 3384 783 3416 tum
811 3373 978 3415 demum
998 3372 1079 3414 mi·

257 3434 373 3477 rifice
401 3432 533 3476 sacros
554 3432 589 3473 se
607 3430 748 3474 vultus
780 3432 822 3473 in
842 3433 981 3473 numis
1009 3445 1079 3472 ex-

257 3491 424 3551 pressiffe
454 3491 714 3540 videbantur,
742 3489 770 3532 si
801 3489 974 3531 alterum
1008 3488 1080 3530 de-

258 3549 455 3607 pendente
492 3548 604 3593 ultra
649 3547 828 3605 pectoris
872 3548 1080 3605 regionem

1038 2609 1056 2625 ⁸·
1089 2608 1227 2639 tenent
1246 2601 1297 2640 G.

1406 2605 1426 2634 Ρ
1452 2600 1640 2639 Trachali
1661 2601 1712 2640 G.
1731 2601 1837 2645 Jens.

1154 2733 1267 2777 labio
1312 2731 1574 2788 deformem3
1624 2735 1798 2778 alterum
1837 2745 1976 2781 autem

1155 2793 1309 2836 enormi
1346 2795 1457 2843 nalo,
1496 2795 1615 2846 cujus
1656 2794 1805 2836 lacinia
1849 2804 1976 2854 caput

1155 2851 1244 2894 effe:
1266 2865 1486 2901 armatum,
1513 2852 1820 2910 proposuissent.
1851 2854 1979 2896 Adeo

1154 2908 1319 2952 facilius
1355 2910 1409 2952 est
1449 2910 1553 2952 vitia
1587 2912 1811 2968 exprimere
1848 2925 1977 2968 quam

1156 2969 1358 3010 virtutes!
1403 2968 1578 3012 Deinde*
1595 2968 1824 3026 ingeniosos
1855 2979 1978 3027 pute·

1157 3040 1250 3067 mus
1270 3040 1432 3083 pueros,
1454 3025 1480 3068 fi
1510 3026 1585 3083 qui
1614 3025 1807 3069 vitiosum
1827 3026 1980 3069 sermo·

1158 3097 1265 3133 nem,
1287 3083 1460 3140 gestum,
1480 3083 1642 3126 vultum
1672 3083 1847 3126 aliorum
1868 3085 1978 3128 festi.

1158 3156 1206 3184 ve
1224 3141 1453 3184 imitentur.

1221 3214 1291 3242 11.
1339 3198 1584 3255 elegantiam
1632 3200 1824 3254 Secundi]
1879 3203 1976 3247 Non

1158 3258 1287 3300 Plinii
1315 3257 1508 3311 junioris,
1528 3272 1652 3314 quem
1671 3261 1978 3310 nominaturus,

1158 3325 1355 3372 tanquam
1386 3317 1531 3359 vivum
1566 3325 1607 3358 et
1638 3315 1858 3369 juniorem,
1894 3331 1975 3361 non

1158 3382 1260 3415 erat.
1297 3373 1373 3415 Sed
1393 3372 1504 3426 Julii
1522 3373 1706 3422 Secundi,
1725 3373 1775 3415 de
1795 3390 1881 3431 quo
1906 3391 1975 3426 ιο,

1164 3447 1204 3481 1,
1230 3445 1329 3481 120,
1350 3431 1456 3474 unde
1487 3431 1637 3473 scilicet
1655 3431 1789 3487 elogia
1817 3444 1975 3487 eorum,

1161 3488 1236 3546 qui
1256 3488 1324 3533 hic
1345 3488 1580 3540 laudantur,
1601 3491 1686 3547 peti
1705 3489 1882 3550 potsunt.
