2320 4030
346 347 467 394 3221
733 330 809 379 M.
844 330 1049 381 FABII
1090 327 1661 397 QUINCTILIANI

343 463 514 519 dubio
537 464 586 518 el
661 465 852 518 uentiae
877 485 939 519 ac
962 465 1226 538 sapientia:
1262 465 1541 537 magistris»,
1569 463 1657 517 sed
1693 460 1956 534 praecipue
1979 473 2063 518 ta-

347 554 471 589 men
515 537 637 608 Apo
658 537 804 591 Ionio
845 536 1078 602 Moloni,
1121 555 1283 608 quem
1325 537 1510 589 Romae
1549 553 1762 606 quoque
1808 533 2064 600 audierat,

350 605 529 660 Rhodi
570 607 740 659 rursus
760 617 775 639 ⁸
817 607 1151 660 formandum
1188 626 1249 659 ac
1283 606 1430 659 velut
1465 605 1860 677 recoquendum
1897 604 2064 659 dedit.

347 678 494 731 Tum
538 677 767 750 dignum
809 696 981 750 operae
1022 677 1250 749 pretium
1290 677 1456 743 venit,
1498 695 1624 730 cum
1669 675 1809 729 inter
1845 674 2068 728 secon-

347 757 552 821 gruunt
577 758 841 820 praecepta
865 759 921 801 et
944 748 1319 820 experimenta.

421 820 552 873 VII.
592 819 734 872 Cum
756 828 770 852 ¹
804 818 925 872 satis
958 819 1010 871 in
1037 838 1198 872 omne
1222 831 1487 872 certamen
1515 817 1704 872 virium
1732 816 1935 880 fecerit,
1950 815 2069 940 ¹pri-

350 907 439 943 ma
479 889 529 943 ei
568 907 693 942 cura
734 889 788 942 in
823 888 1159 961 suscipiendis
1192 889 1373 943 cauffis
1405 891 1539 942 erit:
1580 890 1632 942 in
1660 889 1857 960 quibus
1882 887 1948 940 de
1971 906 2068 940 en-

351 960 477 1013 dere
512 959 730 1033 quidem
772 979 890 1013 reos
929 960 1186 1032 profee‘tO,
1211 980 1374 1033 quam
1410 961 1601 1025 facere,
1633 960 1709 1012 vir
1737 961 1910 1012 bonus
1933 957 2068 1012 mal-

349 1031 501 1084 letu:
543 1049 646 1083 non
686 1043 864 1084 tamen
907 1031 983 1084 ita
1021 1050 1215 1084 nomen
1255 1031 1422 1104 ipsum
1462 1029 1775 1084 accusatoris
1811 1029 2069 1094 horrebit,

349 1111 414 1154 ut
451 1101 601 1155 nullo
639 1120 816 1174 neque
851 1102 1065 1174 publico
1103 1120 1276 1175 neque
1307 1102 1509 1175 privato
1539 1101 1666 1155 duci
1700 1101 1852 1172 poflit
1875 1098 2070 1171 officio,

349 1184 413 1226 ut
436 1172 666 1259 aliquem
692 1173 758 1227 ad
794 1172 1111 1227 reddendam
1144 1173 1400 1226 rationem
1428 1173 1553 1226 vitae
1587 1182 1761 1226 vocet.
1834 1173 1980 1225 Nam
2018 1181 2072 1224 et

349 1243 497 1317 leges
522 1244 643 1316 ipsae
670 1243 803 1298 nihil
830 1244 1085 1310 valeantv,
1114 1243 1203 1296 nifi
1230 1245 1423 1298 actoris
1447 1243 1637 1296 idonea
1660 1261 1791 1296 voce
1814 1241 2068 1294 munitae:

349 1326 424 1381 et,
457 1333 514 1368 st
546 1332 729 1387 poenas
764 1315 1019 1369 scelerum
1055 1326 1302 1388 expetere
1325 1315 1404 1368 fas
1439 1333 1546 1367 non
1582 1315 1672 1379 est,
1701 1331 1863 1385 prope
1894 1313 1984 1378 est,
2011 1323 2075 1366 ut

350 1386 545 1440 scelera
579 1385 685 1458 ipsa
717 1387 957 1458 permiss'a
993 1386 1123 1439 fint:
1171 1398 1226 1440 et
1260 1385 1533 1440 licentiam
1571 1385 1726 1438 malis
1763 1383 1895 1450 dari,
1927 1395 2072 1438 certe

349 1468 535 1512 contra
569 1458 740 1511 bonos
777 1459 867 1510 est.
943 1459 1125 1511 Quare
1165 1477 1338 1530 neque
1378 1457 1638 1510 sociorum
1674 1455 1933 1538 querelaS,
1971 1474 2071 1509 nec
2093 1475 2126 1515 2

349 1529 510 1582 amici
547 1529 629 1582 vel
665 1529 947 1600 propinqui
983 1547 1168 1582 necem
1190 1539 1234 1594 ¹,
1262 1548 1359 1582 nec
1396 1538 1671 1600 erupturas
1694 1546 1747 1579 1n
1774 1526 2070 1598 rempubli-

348 1618 466 1654 cam
510 1600 920 1672 conspirationes
963 1599 1157 1653 inultas
1204 1601 1433 1671 patietur
1482 1611 1692 1652 orator:
1749 1617 1858 1651 non
1900 1615 2073 1668 poenae

351 1671 661 1725 nocentium
701 1671 950 1743 cupiduS,
990 1670 1080 1723 sed
1120 1670 1435 1724 emendandi
1476 1670 1623 1735 vitia,
1668 1667 2074 1741 corrigendique

351 1762 545 1795 moreS.
620 1743 765 1796 Nam
793 1741 886 1814 qui
910 1741 1113 1795 ratione
1138 1742 1345 1796 traduci
1370 1742 1437 1794 ad
1461 1741 1681 1794 meliora
1705 1759 1812 1793 non
1842 1739 2072 1811 poss'unt,

352 1814 463 1867 solo
511 1823 662 1867 metu
707 1814 1067 1867 continentur.
1142 1815 1346 1885 ltaque,
1391 1824 1455 1866 ut
1494 1811 1866 1866 accusatoriam
1910 1811 2071 1864 vitam
2091 1833 2124 1887 3

351 1884 530 1939 vivere
580 1895 637 1938 et
676 1885 744 1938 ad
787 1884 1146 1938 deferendos2
1183 1904 1303 1937 reos
1341 1884 1563 1956 praemio
1610 1881 1735 1936 duci
1773 1881 2098 1954 proximum,

353 1956 631 2010 latrocinio
655 1957 727 2010 est
743 1976 759 2023 3
798 1955 873 2009 ita
896 1957 1089 2028 pestem
1117 1955 1414 2009 intestinam
1451 1954 1767 2027 propulsare,
1793 1963 1916 2006 curn
1949 1971 2074 2024 pro-

351 2027 742 2100 pugnatoribus
789 2027 972 2100 patriae
1020 2027 1457 2099 comparandum.
1534 2026 1770 2097 Ideoque
1812 2024 2076 2096 principes

351 2099 409 2153 in
434 2099 707 2171 republica
729 2098 828 2152 viri
862 2117 968 2152 non
993 2098 1420 2152 detrectaverunt
1436 2107 1456 2130 ὃ
1490 2097 1628 2150 hanc
1651 2096 1811 2149 officii
1835 2106 2034 2166 partem
2057 2117 2070 2148 :

353 2170 650 2244 creditique
686 2171 806 2224 sunt
843 2170 1002 2223 etiam
1043 2169 1171 2223 clari
1199 2168 1446 2241 juveneS,
1488 2168 1723 2221 obfidem
1764 2167 2077 2248 reipublicae

354 2241 479 2296 dare
508 2242 769 2296 malorum
806 2241 1003 2294 civium
1041 2241 1448 2307 accusationem,
1475 2240 1602 2311 quia
1638 2257 1737 2292 nec
1771 2237 1934 2291 odifl'e
1967 2238 2075 2291 im-

356 2315 569 2385 probOS,
613 2333 713 2366 nec
763 2312 1050 2366 simultates
1094 2330 1398 2385 provocare,
1443 2311 1533 2363 nifi
1577 2329 1645 2364 ex
1685 2309 1878 2363 fiducia
1917 2310 2075 2363 bonae

355 2385 553 2438 mentis
576 2384 909 2438 videbantur.
983 2384 1151 2455 quue
1175 2402 1299 2437 cum
1337 2384 1404 2436 ab
1439 2381 1742 2447 HortenfiO,
1771 2380 2011 2435 Lucullis
2029 2382 2074 2446 b,
2097 2404 2133 2453 4

358 2455 615 2528 Sulpicio,
653 2457 931 2522 Cicerone,
972 2455 1193 2520 Caesare,
1229 2454 1469 2526 plurimis
1505 2454 1641 2519 aliis,
1666 2462 1783 2505 tum
1821 2453 1888 2505 ab
1923 2462 2075 2505 utro·

356 2542 464 2599 que
492 2530 698 2580 Catone
732 2526 934 2581 factum
968 2527 1074 2580 est:
1111 2544 1340 2597 quorum
1384 2525 1516 2578 alter
1550 2523 1842 2595 appellatus
1879 2523 1950 2576 est
1974 2523 2075 2593 stt-

349 2597 511 2680 piens,
538 2599 672 2651 alter
697 2597 786 2650 nifi
816 2597 1047 2651 creditur
1082 2597 1250 2663 fuiffe‚
1280 2597 1366 2650 vix
1390 2596 1515 2661 scio,
1541 2596 1631 2649 cui
1665 2594 1938 2666 reliquerit
1973 2595 2076 2646 hu-

347 2688 440 2742 Jus
483 2669 713 2723 nominis
755 2669 956 2723 locum.
1032 2670 1264 2740 Nequec
1309 2665 1603 2721 defendetd
1648 2684 1836 2722 omnes
1882 2676 2078 2730 orator,

416 2854 430 2875 ⁸
463 2850 690 2902 responsum
711 2850 869 2892 reform.
888 2852 940 2890 G.
1065 2852 1079 2874 ²
1113 2852 1250 2891 Quam
1269 2850 1374 2890 Jens.
1393 2865 1437 2889 en
1458 2851 1613 2889 Quum.
1738 2852 1758 2872 υ
1770 2847 1945 2910 fuid-st
1958 2847 2082 2887 malet

360 2918 429 2957 vel
445 2918 586 2957 malit?
702 2924 719 2943 ν
748 2916 884 2956 valent
899 2917 1006 2956 Jens.
1113 2924 1134 2946 ¹
1165 2918 1315 2957 neceffe
1336 2917 1386 2955 G.
1418 2917 1506 2970 quia
1525 2915 1705 2954 interdum
1725 2928 1837 2955 nece.
1964 2921 1981 2942 ²
2013 2917 2082 2955 de-

361 2972 579 3012 fendendos
597 2984 682 3011 reos
702 2971 832 3022 primo
849 2972 954 3010 Jens.
1080 2975 1098 2995 ⁸
1129 2971 1291 3011 detra&-
1310 2972 1361 3010 G.
1379 2971 1484 3008 Jens.
1614 2970 1632 2998 b
1659 2971 1823 3010 Lucillis
1842 2971 1893 3009 G.
1914 2970 2082 3010 Lucullo

360 3026 466 3066 Jens.
642 3031 656 3049 ⁶
689 3026 755 3064 Sic
771 3024 882 3063 codex
898 3032 960 3074 ap.
981 3024 1246 3063 Turnebianum
1267 3026 1419 3075 interpr.
1446 3024 1512 3063 Sic
1529 3023 1672 3062 malunt
1695 3023 1879 3073 Gallaeus,
1900 3023 2080 3071 Rollimts,

363 3082 496 3119 Burm'.
523 3080 714 3130 Namque
732 3079 849 3118 adhuc
867 3079 1016 3118 editum.
1126 3081 1143 3104 ‘¹
1175 3079 1358 3118 defendat
1375 3079 1481 3117 Jens.

424 3230 532 3279 vn,
559 3244 600 3282 3.
631 3227 736 3270 clari
756 3227 962 3284 juvenes]
1003 3227 1105 3269 Vid.
1126 3226 1178 3269 ad
1262 3226 1350 3277 test,
1385 3225 1595 3284 postquam
1635 3226 1708 3269 ista
1744 3227 1867 3275 dixit,
1902 3226 2077 3275 Fabius,

370 3304 409 3342 5,
435 3302 504 3341 ¹3»
529 3303 570 3340 3,
589 3296 629 3328 et
655 3286 751 3328 add.
775 3284 891 3328 Dial.
911 3285 962 3328 de
983 3287 1122 3327 orate.
1146 3286 1176 3328 s.
1263 3285 1449 3342 Namque
1477 3285 1661 3340 defindet
1691 3283 1863 3327 omnes?
1907 3284 1948 3326 Si
1982 3285 2077 3340 qui-

362 3346 413 3390 de
434 3343 560 3389 causis
580 3359 686 3387 corr.
708 3344 913 3400 eloquent.
936 3358 976 3386 c.
1003 3357 1072 3396 34.
1261 3345 1354 3385 dem
1385 3353 1519 3385 mente
1550 3343 1746 3401 constitit,
1767 3352 1821 3392 et,
1842 3342 1946 3399 quid
1981 3341 2078 3384 scri-

422 3418 469 3458 4.
500 3403 639 3460 Neque
655 3402 840 3456 defendet
867 3402 1020 3454 omnes]
1062 3401 1181 3445 Nihil
1262 3402 1390 3451 beret,
1409 3401 1623 3458 cogitavit,
1637 3400 1687 3443 sic
1703 3403 1799 3444 dare
1818 3414 1898 3442 non
1920 3401 2075 3456 potuit.

361 3459 514 3506 certius
534 3460 637 3503 mihi
658 3460 732 3503 hac
757 3460 928 3503 lectione
945 3459 1179 3503 videbatur.
1263 3459 1339 3501 Sed
1379 3460 1438 3501 ita
1474 3460 1686 3501 contexuit
1721 3460 1967 3506 orationem,
2005 3456 2083 3504 Vir„

365 3520 445 3562 Vir
461 3520 593 3562 bonus
615 3518 778 3560 accusat
795 3519 921 3560 etiam
941 3517 1179 3573 aliquando,
1260 3516 1382 3559 honus
1399 3518 1560 3575 accusat
1586 3515 1798 3573 aliquando
1815 3535 1826 3558 s
1859 3530 1984 3572 neque
2008 3515 2080 3557 de-

363 3577 389 3620 fi
411 3578 456 3620 fit
481 3594 500 3620 e
528 3575 772 3633 republica.
805 3577 922 3619 Num
941 3574 1087 3620 inferre
1106 3591 1181 3633 po·
1248 3575 1396 3630 fendet
1413 3589 1571 3629 omne53
1605 3575 1701 3633 (pro
1729 3575 1806 3617 hoc
1838 3574 1948 3617 enim
1979 3573 2076 3631 poni
