2320 4030
578 300 861 362 lffNsT-IT.
891 300 1233 351 ORATOR.
1263 302 1403 350 MR.
1437 295 1501 351 X.
1527 317 1586 354 ⁸1.

1856 301 1950 369 1⁸7

217 438 468 504 ductim,-
497 439 752 494 omnibus
801 438 1035 522 denique
1083 437 1319 493 numeris
1367 435 1739 508 praestantius?
1806 437 1951 494 Quis

217 511 362 567 enim
400 521 614 564 caneret
648 509 794 565 bella
828 511 1042 576 mehu8‚
1063 529 1227 582 quam
1265 509 1358 581 qui
1398 508 1468 560 fic
1510 508 1720 580 egerit?
1765 510 1949 564 Quem

255 582 552 636 raefidentes
592 581 773 636 studiis
817 583 952 636 Deae
995 581 1215 654 propius
1261 579 1549 633 audirent?
1617 579 1724 632 Cui
1774 581 1950 653 magis

129 667 198 724 92
241 672 336 708 uas
377 663 518 714 artes
565 653 794 723 aperiret
832 652 1094 706 familiare
1134 669 1335 706 numen
1380 651 1682 703 Minervae?
1747 651 1951 706 Dicent

218 724 338 787 haec
359 723 574 796 plenius
598 722 781 778 futura
801 723 996 778 secula.
1060 725 1225 777 Nunc
1251 722 1396 776 enim
1419 734 1714 779 ceterarum
1738 721 1815 777 ful
1859 741 1952 776 ore

217 795 478 857 ‘virtutum
505 794 621 848 laus
644 795 775 848 istad
813 795 1209 867 praestringitur.
1283 795 1406 848 Nos
1441 804 1636 846 tamen·
1661 793 1800 846 sacra
1846 795 1950 846 ite-

216 885 396 921 ratum
422 866 672 929 >colentes
709 865 866 933 feras,
892 865 1087 932 Caesar,
1113 866 1147 919 fi
1180 885 1288 918 non
1324 864 1553 918 tacitum
1583 863 1690 918 hoc
1731 877 1952 937 praeter·

216 933 381 1005 imus,
406 949 466 992 et
487 937 793 1010 Virgiliano
816 949 963 992 certe
988 937 1137 992 versu
1162 938 1430 1003 testamur,

431 1035 572 1088 Inter
593 1034 820 1089 vifflrices
845 1037 1073 1089 hederam
1097 1035 1188 1088 tibi
1196 1037 1397 1109 serpere
1421 1034 1608 1088 lauros.

130 1169 197 1225 93
221 1148 417 1223 Elegia
443 1149 663 1203 Graecos
685 1168 904 1231 quoque
929 1168 1300 1222 provocamuS,
1327 1147 1479 1221 cujus
1510 1148 1648 1202 mihi
1681 1147 1846 1204 tersus
1867 1123 1953 1203 at-

263 1239 330 1281 αθ
364 1219 585 1293 elegans
619 1239 854 1276 maxune
889 1221 1099 1276 videtur
1132 1221 1315 1274 auctor
1350 1220 1605 1275 Tibullus,

1680 1221 1819 1274 Sunt
1862 1221 1957 1292 qui

273 1293 534 1366 ropertium
573 1291 785 1348 malint.
860 1293 1079 1348 Ovidius
1110 1305 1344 1365 utroque
1377 1291 1650 1348 lascivior:
1690 1292 1822 1347 ficut
1853 1292 1956 1346 du·

974 1449 994 1475 ⁴
1025 1448 1108 1501 ipsa
1126 1448 1195 1488 iia.

216 1586 335 1645 genti
357 1585 552 1646 Itfiituet,
572 1594 772 1644 tanquam
801 1586 894 1629 Deo
921 1584 1048 1628 etiam

138 1663 155 1694 3.
225 1644 430 1705 templum
446 1646 623 1697 dicabit,
644 1645 755 1703 quod
776 1643 890 1702 genti
910 1642 1048 1687 vestrae

140 1701 146 1707 ⁸
226 1703 273 1747 i'n
303 1705 451 1764 primis
485 1705 642 1747 sacrum
668 1713 710 1746 et
738 1701 922 1745 sanctum
951 1702 1046 1745 erit.

226 1762 378 1821 Neque
400 1763 509 1806 enim
529 1777 633 1820 opus
653 1761 724 1813 est,
742 1769 792 1804 ut
811 1768 933 1819 poeta
952 1772 1053 1818 pro-

225 1821 349 1864 dente
363 1821 655 1880 Qiffiiliano
675 1822 760 1876 jam
781 1828 988 1870 mortuus,
1009 1828 1051 1861 et

227 1879 303 1923 ista
330 1879 508 1923 scribens
536 1880 634 1923 vivo
661 1877 919 1937 Vespafiano,
941 1879 1051 1920 vati-

229 1939 394 1981 cinatus
426 1937 610 1995 fingatur
641 1938 693 1981 de
725 1935 879 1993 templo
916 1937 1052 1993 gentis

229 1997 266 2040 F
268 1996 386 2041 laviae
419 2011 444 2039 a
477 1996 723 2054 Domitiano
755 1995 953 2038 condito:
986 1994 1054 2038 sed

240 2056 243 2060 “
287 2056 370 2098 tuit
417 2053 539 2098 facile
576 2051 837 2110 ‹existimare,⁴
858 2053 1054 2096 honorem

287 2115 425 2157 bitum
457 2115 511 2157 iri
542 2112 784 2172 Vespasiano
816 2112 992 2155 eundem
1029 2125 1055 2154 a

231 2173 332 2223 suis,
354 2187 477 2230 quem
497 2171 612 2228 Julio
637 2170 858 2228 Augustus
886 2169 1052 2212 habuit.

231 2231 311 2274 sed
330 2231 544 2274 redeamus
565 2230 617 2274 ad
638 2229 861 2284 Fabium.)
892 2229 959 2271 De
978 2229 1055 2272 hac

224 2305 275 2338 ¹re
295 2291 428 2348 igitur
445 2304 588 2347 agens,
609 2288 739 2331 noster
762 2287 900 2330 verbis
919 2287 1058 2330 utitur

235 2349 288 2393 ad
326 2349 504 2392 rationes
542 2358 775 2406 temporum
811 2346 977 2396 horum,
1017 2354 1058 2389 et

233 2406 529 2457 adulationem,
587 2407 752 2463 egregie
809 2403 1055 2462 compositis.

235 2466 396 2510 Donato
422 2463 588 2521 imperio
616 2463 804 2514 militari,
828 2462 1059 2505 condonato

235 2534 329 2567 tum
360 2524 660 2582 suspicionibus
692 2521 850 2572 fratris,
871 2529 960 2563 tum
987 2521 1060 2564 suo

236 2583 283 2626 in
303 2583 559 2641 optimarum
584 2581 740 2624 artium
758 2580 890 2623 studia
909 2581 1058 2631 amori,

234 2640 283 2684 in
299 2647 422 2699 opera
442 2641 622 2698 poetica,
641 2639 685 2683 h.
709 2654 747 2682 e.
778 2638 831 2681 ad
853 2652 902 2680 ea
919 2637 1059 2680 elabo-

235 2700 381 2749 randa,
400 2714 426 2742 a
444 2698 611 2755 strepitu
632 2712 767 2740 rerum
790 2696 1060 2754 gerendarum

223 2758 440 2816 ficeffirm
457 2757 745 2801 Domitianus.
778 2757 843 2798 Sic
863 2755 1061 2811 nimirum

228 2815 457 2874 &gendum
505 2823 704 2875 putamus
751 2813 838 2872 post
879 2813 1061 2856 summos

234 2876 354 2918 viros
391 2873 578 2933 Lipfium
617 2873 670 2915 ad
707 2873 825 2915 Tac.
863 2871 896 2914 l.
938 2886 978 2914 c.
1017 2879 1060 2912 et

235 2932 448 2976 &heliam
481 2933 534 2974 ad
567 2931 684 2974 Dial.
712 2931 764 2974 de
798 2932 922 2973 Orat.
952 2944 993 2972 c.
1018 2945 1061 2984 9,

239 2991 340 3035 licet
357 2990 540 3034 nondum
568 2989 754 3048 prolatus
783 2987 829 3031 fit
848 2987 1062 3038 liber‚-cu-

235 3051 308 3105 jus
343 3049 592 3094 auctoritate
628 3048 666 3091 se
703 3047 813 3090 tueri
862 3045 979 3104 poffit
1016 3059 1064 3088 ea

241 3108 380 3152 lectio.
422 3108 598 3151 Interim
627 3106 776 3149 habere
806 3104 1065 3148 adfinitatem

240 3166 454 3283 effi?
471 3161 1066 3282 sysshexs‘arsstsd‘

243 3282 403 3328 factum
435 3240 490 3327 aa
522 3281 748 3330 Gallorum
771 3279 973 3338 ficemur,
993 3281 1066 3337 J?-

244 3355 376 3393 cours-
404 3340 518 3384 Illud
539 3350 678 3384 autem
697 3353 780 3382 non
796 3353 905 3396 opus
924 3339 978 3382 est
997 3337 1066 3380 hic

243 3399 431 3458 probari,
447 3400 636 3458 ficedere
655 3397 750 3441 illos
765 3397 870 3448 dici,
889 3395 1067 3456 etstces-

222 3458 330 3517 *sum
339 3464 496 3515 petere,
511 3457 586 3514 qui
602 3456 802 3500 scribendi
817 3454 939 3498 causa
957 3469 984 3498 a
996 3469 1068 3496 ne-

243 3516 457 3573 gotiorum
484 3526 527 3559 et
543 3515 761 3558 honunum
779 3514 906 3557 turba
933 3511 998 3556 vel
1017 3511 1069 3555 ad

243 3573 370 3622 ‚breve
386 3583 570 3633 tempus,
591 3572 654 3618 vel
675 3581 767 3616 toto
785 3572 885 3616 vitae
915 3579 1070 3624 tenore,

1129 1585 1168 1630 se
1186 1594 1414 1630 removent.
1444 1584 1523 1629 Vel
1539 1584 1695 1629 Fabius
1714 1584 1844 1628 noster
1861 1599 1956 1629 cum

1129 1645 1332 1703 discipulo
1370 1645 1443 1688 suo
1490 1644 1629 1688 Plinio
1677 1644 1958 1702 exemplorum

1130 1701 1314 1746 festivam
1335 1703 1499 1762 copiam
1513 1703 1759 1761 praebebunt
1779 1703 1823 1745 i'n
1838 1702 1960 1745 The-

1131 1761 1248 1862 sauro
1259 1762 1385 1819 Ling.
1406 1763 1507 1805 Lat.
1525 1775 1649 1819 quem
1668 1775 1766 1804 cum
1780 1761 1960 1804 maxime

1131 1835 1202 1862 mo
1221 1835 1345 1863 imur.

1193 1894 1244 1934 91
1256 1909 1268 1921 .
1297 1877 1369 1936 qui
1371 1877 1433 1934 fic
1450 1877 1600 1934 egerit]
1630 1877 1760 1922 Recte
1778 1875 1961 1928 ostende-

1133 1947 1233 1980 runt
1253 1937 1496 1980 Gronovius
1518 1936 1635 1980 Obss'.
1659 1952 1702 1987 2,
1727 1952 1768 1990 3,
1787 1944 1830 1979 ct
1850 1936 1962 1979 Bur-

1109 2025 1111 2027 ψ
1136 2010 1312 2038 mannus
1332 1996 1385 2039 ad
1404 1994 1449 2038 h.
1473 1994 1503 2037 l.
1535 1996 1717 2052 itemque
1746 1994 1796 2036 ad
1829 1995 1960 2038 ovid.

1136 2054 1271 2098 Trist.
1295 2070 1339 2106 2,
1362 2062 1463 2106 230,
1489 2056 1615 2111 atque
1633 2048 1685 2095 ad
1708 2053 1851 2096 Gratii
1873 2053 1963 2111 Cy-

1137 2127 1233 2170 neg.
1260 2126 1360 2166 334,
1389 2111 1506 2156 Bella
1535 2113 1659 2154 etiarn
1689 2110 1778 2168 agi,
1798 2121 1838 2154 et
1869 2120 1966 2169 pez-²·-

1135 2185 1278 2229 peram
1311 2180 1490 2214 tentatas
1521 2169 1594 2214 effe
1629 2170 1673 2213 id
1711 2185 1843 2227 genus
1875 2167 1966 2213 for-¹

1136 2230 1303 2272 mulas:
1345 2229 1412 2273 sed
1430 2228 1562 2272 nescio
1584 2240 1719 2271 tamen
1750 2227 1964 2285 quomodo

1138 2289 1380 2331 blandiatur
1424 2287 1528 2330 mihi
1575 2285 1773 2330 correctio
1818 2286 1964 2344 Regii}

1139 2348 1214 2403 qui
1266 2362 1341 2405 pro
1386 2346 1520 2403 egerit
1557 2346 1624 2388 hic
1669 2344 1788 2388 malit
1830 2344 1985 2401 gerit.-

1139 2404 1331 2448 Multum
1351 2415 1459 2448 certe
1486 2403 1566 2448 koc
1593 2403 1759 2447 videtur
1784 2402 1965 2461 plenius,

1138 2478 1235 2506 cum
1256 2478 1339 2506 non
1358 2463 1411 2506 ad
1429 2474 1604 2505 conatus
1623 2462 1749 2504 modo
1763 2461 1966 2515 Juveniles

1139 2524 1359 2580 pertineat,
1383 2521 1474 2581 «sed
1521 2521 1575 2564 ad
1622 2522 1752 2562 totius
1802 2520 1966 2578 imperii

1140 2590 1322 2638 tempus,
1343 2590 1385 2622 et
1433 2579 1638 2622 raesentem
1662 2577 1844 2620 laudem.

1200 2655 1285 2695 92··
1298 2594 1708 2696 prqsi’dcntesstudiis
1729 2636 1854 2692 Deae]
1876 2638 1965 2698 Qi

1140 2696 1287 2752 mustea
1305 2695 1534 2739 certamina
1552 2697 1683 2746 varia,
1705 2696 1748 2738 in
1776 2695 1841 2738 his
1868 2710 1964 2739 ora-

1140 2763 1274 2798 torum
1291 2757 1418 2798 ctiam
1438 2764 1478 2797 et
1491 2761 1706 2811 poetarum
1725 2753 1964 2797 instituerit.

1142 2814 1246 2856 Vid.
1265 2814 1435 2856 Sueton.
1455 2813 1621 2856 Domit.
1639 2827 1678 2853 c.
1692 2825 1739 2863 4,
1754 2812 1826 2853 ubi
1841 2813 1967 2856 etiam

1140 2873 1194 2915 de
1206 2873 1417 2915 Minerva.
1448 2871 1526 2913 Sed
1537 2869 1674 2913 dehac
1689 2869 1825 2912 multo
1842 2870 1967 2914 diser-

1145 2931 1231 2973 tius
1263 2945 1304 2973 c.
1346 2945 1418 2984 15,
1455 2930 1531 2972 ubi
1553 2927 1820 2988 superstitiaeffe
1852 2927 1968 2974 issam

1143 2987 1292 3046 colutffi·
1311 2998 1502 3043 narratur
1520 2987 1604 3030 &c-

1206 3063 1278 3103 92.
1304 3045 1625 3104 praestringitur]
1662 3045 1968 3102 comparanda,

1146 3118 1244 3163 quae
1273 3105 1458 3148 diximus
1492 3104 1544 3147 ad
1576 3104 1603 3145 s.
1634 3119 1706 3156 30.
1747 3102 1869 3146 Certe
1900 3103 1970 3147 hic

1145 3164 1282 3220 magis
1309 3162 1486 3221 placeret
1509 3159 1831 3220 prastinguitur,
1861 3177 1969 3219 quo-

1145 3222 1258 3268 niam
1277 3223 1329 3264 ad
1348 3221 1654 3271 obscuritatem,
1675 3229 1717 3262 et
1734 3218 1870 3277 visum
1887 3221 1968 3263 im-

1145 3277 1333 3339 ‘peditum
1350 3278 1543 3322 refertur.

1209 3354 1280 3395 92.
1311 3337 1427 3380 Inter
1450 3334 1671 3390 viarices]
1698 3333 1793 3379 Ecl.
1828 3338 1966 3391 85:3¹.

1149 3396 1321 3439 Horatii
1349 3395 1486 3439 versus
1519 3395 1572 3438 de
1598 3393 1768 3437 Lucilio
1793 3392 1847 3437 est
1877 3394 1967 3439 Sat.

1155 3469 1197 3505 ι,
1217 3469 1262 3507 4,
1287 3469 1360 3504 11,
1397 3454 1439 3496 in
1470 3467 1557 3511 quo
1590 3450 1692 3495 illud
1725 3450 1863 3494 tollere
1893 3453 1968 3499 effe

1149 3511 1300 3563 delere,
1318 3511 1523 3562 recidere,·
1532 3510 1627 3571 stilo
1643 3511 1766 3569 ver-sb
1782 3508 1970 3557 inducere

1152 3570 1272 3615 dofte
1290 3570 1463 3617 ostendit
1481 3571 1550 3615 bic
1571 3569 1854 3616 Burmannus.
1944 3602 1949 3607 ,
