2320 4030
242 769 309 829 95
333 778 428 831 pro
453 780 674 814 numero
709 763 798 816 est.

694 341 972 393 INSTIT.
1008 338 1343 390 ORATOR.
1378 339 1516 388 LIB.
1550 339 1638 388 XI.
1672 355 1722 400 3.

1901 347 1907 353 ’
1968 352 2061 407 277

338 475 543 548 optime
583 477 817 532 Crassum
856 477 1048 532 Cicero
1088 476 1239 542 dicit,
1263 474 1511 546 explicari
1549 474 1701 527 solet.
1765 475 1829 527 'Is
1865 473 1922 528 in
1958 493 2054 529 ex-

373 549 634 602 robrando
659 560 714 602 et
737 548 1022 602 indicando
1052 547 1216 618 (unde
1241 546 1292 599 ei
1315 564 1511 598 nomen
1535 546 1629 611 est)
1661 546 1800 598 valet
1825 567 1837 598 ε
1877 555 1933 598 et
1956 547 2053 600 ad·

333 566 506 672 levata
541 639 603 673 ac
639 620 904 691 spe8tante
940 619 1223 671 humerum
1254 635 1418 670 manu
1455 616 1732 688 paullumr
1767 616 2054 671 inclinatus

259 722 262 726 ·
333 690 585 743 affirmat:
613 691 786 743 versus
806 692 861 744 in
884 700 1076 743 terram
1102 699 1157 741 et
1182 688 1333 760 quafi'
1349 705 1548 770 pronus
1572 695 1747 758 urget,
1766 687 2053 758 aliquando

872 761 1022 813 Idem
1047 760 1252 812 summo
1275 758 1499 812 articulo
1536 757 1806 828 utrimque
1830 757 2017 811 leviter
2034 768 2052 790 ⁸

330 832 670 902 apprehense,
697 832 908 885 duobus
943 830 1152 883 modice
1189 829 1436 894 curvatiS,
1463 829 1639 881 minus
1670 838 1850 881 tamen
1886 829 2049 884 mini-

329 919 441 966 mo,
469 909 529 955 ‘a
566 913 652 956 tus
677 903 741 957 ad
766 900 1136 975 disputandum
1162 902 1250 954 est.
1322 900 1518 953 Acrius
1553 910 1732 952 tamen
1759 918 2047 971 argumen-

328 972 429 1025 tari
461 922 724 1040 videntur,
750 975 844 1046 qui
867 973 1107 1026 medium
1131 971 1415 1025 articulum
1441 970 1620 1043 potius
1645 980 1859 1024 tenent:
1898 981 2051 1024 tanto

328 1045 768 1099 contractioribus
803 1044 1009 1098 ultimis
1043 1043 1247 1115 digitis,
1285 1053 1488 1114 quanto
1524 1041 1723 1113 priores
1762 1041 2048 1094 descende·

239 1111 308 1190 96
329 1126 473 1168 runt.
547 1117 637 1169 Est
679 1127 734 1169 et
782 1116 875 1168 ille
920 1113 1226 1168 verecundae
1273 1113 1542 1166 orationi¹¹
1588 1112 1893 1184 aptiffimuS‚
1938 1131 2050 1184 quo

327 1196 557 1255 quatuor
579 1186 761 1258 primis
784 1187 970 1240 leviter
995 1185 1343 1245 inlsummum
1369 1183 1681 1237 coeuntibus
1708 1184 1912 1255 digitis,
1940 1203 2050 1238 non

327 1257 515 1327 procul
538 1260 605 1312 ab
631 1277 722 1311 ore
758 1268 848 1310 aut
884 1257 1095 1329 pectore
1118 1255 1284 1308 fertur
1308 1255 1374 1307 ad
1400 1273 1496 1307 nos
1531 1273 1740 1321 manuS,
1765 1266 1820 1307 et
1856 1254 2051 1308 deinde

237 1335 304 1395 97
327 1345 494 1398 prona
529 1348 589 1381 ac
625 1329 921 1400 paullulum
959 1327 1162 1400 prolata
1189 1326 1412 1394 laxatur.
1487 1327 1612 1378 Hoc
1643 1326 1808 1378 modo
1841 1326 2052 1397 coepiffe

327 1400 743 1453 Demosthenem
768 1400 967 1453 credo¹
1002 1399 1058 1451 in
1084 1397 1177 1450 illo
1211 1415 1307 1468 pro
1334 1397 1675 1468 Ctefiphonte
1709 1396 1900 1449 timido
1925 1397 2047 1451 sub-

250 1502 258 1523 :
326 1470 583 1543 miffoque
614 1472 908 1542 principio:
948 1469 1015 1523 fic
1041 1470 1319 1522 formatam
1355 1467 1628 1521 Ciceronis
1659 1486 1897 1533 manum,
1923 1487 2051 1521 cum

325 1540 545 1607 diceret,
586 1543 643 1596 Si
683 1543 808 1614 quid
846 1541 912 1613 (st
947 1542 1039 1594 inv
1081 1561 1156 1592 me
1198 1539 1388 1612 ingenii
1402 1549 1446 1606 ²,
1475 1539 1693 1610 judices,
1731 1540 1863 1611 quod
1885 1540 2051 1612 fi’ntio

429 1633 476 1665 m
496 1612 856 1686 stt'exiguum.
927 1612 1128 1665 Eadem
1169 1611 1505 1681 aliquatenus
1545 1609 1766 1663 liberius
1805 1610 2049 1664 deorsum

324 1632 678 1808 {Zstantibus
711 1685 765 1737 di
811 1684 899 1737 itis
924 1682 1195 1756 colligitur
1211 1691 1231 1713 ³
1252 1682 1315 1735 in⁴
1335 1699 1433 1734 nos
1450 1686 1493 1746 b,
1517 1691 1572 1734 et
1594 1680 1753 1734 fufius
1788 1681 1967 1752 paullo
1991 1682 2049 1737 in

365 1774 383 1807 1

388 1755 590 1809 versum
610 1765 628 1788 ‘-
677 1756 786 1809 reso
811 1755 967 1818 vitur‚

1005 1767 1068 1808 ut
1112 1752 1510 1825 quodammodo
1547 1751 1839 1805 sermonem
1877 1752 2048 1825 ipsum

234 1820 302 1899 98
325 1825 558 1897 proferre
595 1826 852 1881 videatur.
925 1826 1090 1879 Binos
1137 1825 1349 1877 interim
1401 1823 1602 1896 digitos
1651 1823 2045 1895 distinguimuS,

324 1896 414 1950 sed
450 1917 556 1951 non
594 1897 1026 2023 insertodpollice,
1053 1895 1290 1968 paullum
1325 1901 1504 1948 tamen
1541 1893 1876 1948 inferioribus
1911 1897 2051 1949 intra

324 1967 700 2038 spectantibuS,
736 1970 786 2022 se

867 1987 934 2022 ne
975 1968 1081 2021 illis
1121 1966 1339 2039 quidem
1374 1967 1548 2032 tenfiS,
1584 1966 1678 2036 qui
1718 1966 1870 2038 supra
1905 1967 2046 2020 sunt.

237 2051 305 2107 99
326 2040 454 2094 Duo
478 2041 692 2093 interim
715 2039 938 2094 extremi
960 2039 1190 2122 palmam
1217 2038 1355 2091 circa
1377 2037 1485 2090 ima
1500 2039 1523 2071 ‘¹
1546 2036 1751 2109 pollicis
1776 2049 2046 2108 premunt,

325 2109 434 2182 ipse
457 2111 720 2183 prioribus
743 2111 810 2165 ad
836 2110 1040 2164 medios
1066 2109 1319 2163 articulos
1333 2108 1612 2182 jungitur:
1652 2108 1865 2161 interim
1895 2127 2051 2181 quar-

325 2192 416 2237 tus
452 2184 670 2255 oblique
709 2182 981 2256 reponitur
1004 2203 1019 2235 ι
1080 2181 1295 2234 interim
1345 2193 1575 2253 quatuor
1618 2179 1833 2232 remiffis
1874 2180 2049 2253 magis

335 2351 342 2357 ⁶
379 2359 395 2381 ¹
424 2364 567 2403 pamm
587 2353 638 2392 G.
786 2359 802 2382 ⁸
828 2351 1092 2391 leniter‘Jens.

327 2409 348 2430 ¹
379 2407 551 2446 creditur
568 2406 674 2446 Jens.

324 2513 433 2555 Jens.

353 2683 359 2687 ·
389 2680 462 2722 97.
481 2664 542 2719 fic
547 2663 780 2718 formatam
801 2661 1021 2715 Ciceronis]
1053 2662 1147 2704 Non

329 2723 457 2767 credit
478 2724 625 2772 Fabio,
646 2731 751 2764 certe
770 2735 852 2763 non
872 2721 1019 2778 probat
1036 2719 1147 2762 hunc

328 2780 485 2836 gestum
535 2780 585 2823 P.
628 2781 662 2823 F
665 2779 827 2822 mucius
877 2780 920 2820 in
967 2778 1145 2835 Specim.

329 2838 457 2896 Eloq.
481 2840 653 2881 Extern.
676 2854 719 2896 p.
745 2840 817 2890 63.
842 2837 926 2879 ·Ac
948 2836 1052 2886 sane,
1074 2835 1149 2878 five

329 2896 648 2954 septentrionalis
668 2896 791 2954 plaga
819 2893 1054 2950 frigidiores
1075 2908 1147 2936 nos

328 2953 448 3004 facit,
477 2955 554 2998 five
588 2965 689 2997 aetas
720 2953 849 2995 nostra
883 2952 1146 3002 moderatior,

329 3014 535 3055 tardiorve
557 3013 626 3062 est,
646 3012 779 3070 gestus
798 3010 966 3067 quidam
988 3012 1146 3069 Qinc-

328 3071 487 3114 tilianei
507 3085 653 3127 parum
671 3070 810 3112 decere
839 3067 992 3110 nostros
1012 3067 1148 3110 homi-

328 3143 400 3172 nes
418 3130 625 3171 videntur.

390 3202 462 3242 97.
493 3185 695 3240 colligitur
721 3183 765 3226 in
794 3185 883 3238 nos]
916 3185 977 3227 Ut
1008 3183 1147 3241 paullo

328 3255 422 3289 ante
446 3245 593 3299 fertur
616 3244 673 3285 ad
699 3256 768 3284 nos
798 3256 959 3284 manus.
1020 3242 1070 3284 In
1106 3257 1147 3285 os

326 3302 636 3356 enim-collzgere
660 3300 816 3357 digitos
835 3299 1020 3343 ursorum
1040 3309 1143 3357 puto

326 3360 400 3403 effe
431 3370 504 3402 aut
537 3359 758 3407 simiarum,
794 3372 875 3400 non
911 3366 1139 3400 oratorum.

327 3417 445 3461 Nihil
478 3418 643 3475 pronius
675 3414 758 3459 fuit
786 3415 888 3458 inter
920 3415 1142 3458 dictantem

326 3487 368 3520 et
400 3476 656 3525 scribentem,
693 3473 758 3517 vel
795 3472 857 3515 illi
894 3474 1034 3523 etiam,
1067 3474 1143 3529 qui

326 3534 453 3575 verba
467 3533 656 3590 quaedam
671 3547 719 3575 ex
731 3531 990 3588 autographo
1002 3531 1145 3574 hausta

328 3591 647 3639 immurmurans
663 3589 870 3641 scriberet,
882 3602 1003 3647 quam
1014 3603 1088 3646 pro
1101 3587 1145 3632 in

823 2411 843 2438 Υ
875 2407 917 2444 in
938 2418 1004 2444 me
1022 2418 1091 2444 om.
1111 2403 1164 2443 id.

329 2457 347 2484 ⁵
377 2460 445 2500 Sic
464 2460 586 2501 MSS.
605 2460 708 2501 Alm.
730 2468 767 2499 et
783 2459 835 2499 al.
854 2467 917 2511 ap.
936 2460 1068 2499 Burm.
1088 2470 1133 2498 os
1154 2457 1220 2497 rel.

1653 2353 1672 2372 ¹¹
1706 2347 1852 2387 actioni
1871 2348 1923 2388 G.
1941 2349 2049 2389 Jens.

1776 2408 1794 2427 ²
1825 2402 1978 2452 colligit
1995 2403 2051 2443 id.

1871 2456 1888 2482 ‘¹
1921 2457 2050 2496 imam

1241 2350 1257 2374 ἵ
1288 2349 1330 2388 in
1348 2360 1432 2388 uno
1451 2348 1502 2389 id.

1324 2410 1347 2432 2
1376 2403 1456 2441 mei
1477 2402 1542 2454 ins.
1563 2401 1616 2442 id.

1347 2461 1364 2482 ‘²
1402 2457 1550 2496 diversa
1569 2456 1619 2496 G.
1638 2455 1743 2495 Jens.

1230 2675 1300 2704 nos
1307 2659 1469 2702 reddere
1477 2657 1520 2701 in
1530 2673 1586 2701 os.
1610 2657 1652 2700 Si
1662 2666 1796 2702 tamen
1808 2660 2048 2707 servandum

1228 2720 1420 2761 videatur
1445 2715 1489 2759 in
1516 2731 1573 2767 os,
1601 2725 1708 2759 certe
1736 2717 2047 2776 intelligendum

1229 2777 1284 2820 est
1301 2777 1362 2818 ad
1375 2790 1431 2827 os,
1452 2783 1500 2817 ut
1527 2775 1651 2817 modo
1667 2774 1790 2826 dixit,
1808 2790 1885 2818 non
1907 2776 2052 2833 procul

1227 2835 1279 2877 ab
1297 2848 1366 2877 ore
1383 2841 1459 2876 aut
1469 2835 1652 2890 peeroree
1675 2843 1723 2875 ut
1738 2834 1884 2877 deinde
1897 2835 1929 2876 s.
1946 2849 2046 2887 103,

1226 2892 1386 2949 digitos,
1414 2906 1502 2933 cum
1525 2890 1678 2947 ficmmi
1704 2890 1895 2943 coierunt,
1914 2893 1975 2933 ad
2003 2906 2047 2935 os

1229 2951 1398 3005 refi’rre.
1452 2951 1549 3008 Qo
1578 2949 1746 3005 propius
1774 2950 1882 2992 enim
1909 2950 1959 2992 ad
1982 2951 2045 3007 ip-

1229 3009 1316 3051 sum
1355 3023 1401 3051 os
1440 3007 1668 3050 admoveris
1705 3021 1889 3058 manum,
1927 3017 2048 3050 tanto

1229 3067 1397 3124 propius
1428 3065 1560 3107 aberis
1592 3065 1644 3106 ab
1675 3063 1900 3115 illo'vitiO,
1933 3065 2049 3123 quod

1228 3123 1534 3182 reprehenditur
1569 3123 1599 3164 s.
1641 3126 1711 3164 88.
1774 3123 1896 3181 Qod
1934 3125 2044 3165 enim

1228 3182 1410 3236 subjicit,
1440 3189 1485 3223 ut
1517 3180 1796 3238 quodammodo
1817 3182 2044 3237 sermonem

1226 3239 1351 3297 ipsicm
1370 3238 1559 3295 profl’rre
1575 3237 1793 3288 videatur,
1815 3239 1864 3280 ad
1885 3239 1961 3280 hoc
1982 3239 2046 3281 sa-

1227 3301 1283 3340 tis
1304 3297 1376 3341 effe
1405 3298 1583 3345 videtur,
1603 3295 1630 3338 fi
1661 3295 1829 3338 collee‘ta
1847 3306 1887 3338 et
1906 3296 2043 3342 versus

1222 3356 1423 3399 dicentem
1459 3354 1614 3397 direaa
1651 3367 1800 3396 manus
1835 3354 1877 3396 in
1907 3354 2044 3397 diver-

1222 3414 1311 3456 sum
1342 3414 1374 3456 s.
1405 3412 1457 3455 ad
1488 3413 1694 3454 auditores
1722 3412 1824 3453 dum
1852 3410 2042 3463 refertur,

1223 3472 1459 3521 resolvatur,
1480 3478 1529 3511 ut
1558 3470 1718 3528 prodire
1746 3484 1794 3514 ex
1825 3468 1960 3513 clauso
1979 3469 2042 3513 vi-

1221 3530 1368 3573 deatur
1385 3528 1535 3572 oratio.

1243 3660 1333 3715 '1'3
