2320 4030
373 329 437 374 32
795 313 871 393 M.
907 312 1115 360 FABII
1152 309 1729 361 QUINCTILI-ANI

378 447 411 500 fi
426 445 660 507 SAtticis
683 445 898 512 Dorica,
937 447 1136 511 Ionica,
1173 447 1384 500 AEolica
1407 446 1565 499 etiam
1599 445 1739 498 dicia
1768 442 2078 497 confundas.

376 516 480 570 Cui
505 516 669 569 {imile
695 516 881 569 vitium
900 516 972 568 est
995 517 1133 588 apud
1158 535 1275 582 nos,
1292 518 1326 569 fi
1347 517 1466 588 quis
1490 515 1735 568 sublimia
1759 512 2074 578 humilibuS,
2100 514 2174 566 60

373 596 551 640 vetera
595 587 764 652 noviS,
800 586 1010 658 poetica
1047 586 1354 658 vulgaribus
1392 587 1621 638 misceat.
1695 585 1760 638 Id
1795 585 1936 637 enim
1975 583 2083 636 tale
2140 607 2142 609 ¹

374 657 445 710 est
470 658 774 723 monstrum,
811 656 970 729 quale
994 657 1249 710 Horatius
1284 656 1340 710 in
1365 657 1533 728 prima
1553 666 1701 728 parte
1738 654 1858 710 libri
1881 654 1949 707 de
1971 664 2082 708 arte
2130 658 2132 660 ’

374 727 584 799 poetica
606 727 781 800 fingit,

650 843 893 896 *Humano
917 842 1068 914 capiti
1092 842 1325 895 cervicem
1352 842 1514 915 piHor
1545 842 1772 914 equinam

656 914 877 985 Jungere
897 913 957 983 st
988 913 1112 964 velit

376 1035 432 1079 et
457 1034 628 1079 cetera
646 1027 665 1059 '¹
681 1042 746 1076 ex
770 1021 978 1075 diversis
1007 1020 1206 1074 naturis
1230 1020 1491 1094 subjiciat.
1555 1021 1798 1075 Ornatam
1821 1021 1909 1085 est,
1937 1019 2084 1092 quod
2102 1019 2173 1077 61.

377 1095 648 1178 perspicuo
673 1112 733 1146 ac
759 1091 1020 1164 probabili
1043 1091 1166 1174 plus
1196 1092 1285 1145 est.
1358 1091 1488 1162 Ejus
1532 1091 1690 1173 primi
1730 1092 1850 1144 sunt
1888 1091 2085 1163 gradus

375 1184 431 1219 m
457 1183 539 1229 e0,
576 1163 721 1235 quod
746 1162 895 1227 veliS,
920 1180 984 1215 ex
1021 1161 1319 1228 r1mend01,
1350 1161 1837 1233 concipiendoque:
1875 1161 2084 1228 tertiae,

378 1235 472 1306 qui
521 1235 640 1288 haec
682 1233 930 1287 nitidiora
967 1181 1142 1298 ficiat,
1195 1232 1340 1304 quod
1392 1232 1597 1314 proprie
1645 1231 1839 1285 dixeris
1877 1231 2083 1287 cultum.
2163 1265 2170 1271 ·

376 1307 566 1378 Itaque
588 1303 850 1374 ἐνάργεςαν,
888 1302 1041 1374 cujus
1068 1303 1135 1358 *in
1164 1313 1440 1374 praecept1s
1466 1301 1774 1355 narrationis
1810 1301 1911 1356 feci
1936 1320 2088 1356 men-

375 1376 599 1442 tionem,
636 1373 762 1446 quia
783 1373 900 1444 plus
926 1375 996 1426 est
1020 1373 1286 1437 evidentia,
1324 1372 1429 1438 vel,
1465 1383 1527 1426 ut
1552 1372 1640 1425 alii
1666 1372 1870 1439 dicunt,
1887 1386 2084 1446 ,reprae-

359 1446 598 1518 sentatio,
625 1462 782 1516 quam
801 1444 1143 1517 perspicuitaS,
1181 1453 1234 1497 et
1263 1442 1395 1496 illud
1417 1446 1428 1477 ¹
1455 1442 1674 1515 quidem
1693 1454 1857 1515 patet,
1893 1443 2012 1497 haec
2034 1444 2087 1498 se

374 1514 770 1588 quodammodo
792 1513 1036 1578 ostendit,
1063 1514 1207 1583 inter·
1221 1524 1528 1566 ornamenta
1551 1531 1825 1584 ponamus.
1879 1515 2088 1588 Magna
2104 1515 2182 1571 62v

376 1587 542 1644 virtus
567 1587 656 1652 est,
693 1603 796 1650 reS,
835 1585 903 1639 de
927 1584 1123 1656 quibus
1147 1584 1431 1655 loquimur,
1466 1583 1621 1650 clare,
1648 1597 1806 1656 atque
1847 1595 1908 1650 ut
1943 1585 2087 1638 cerni

375 1657 672 1718 videantur,
707 1655 1000 1708 enuntiare.
1072 1657 1200 1709 Non
1244 1655 1384 1708 enim
1426 1654 1547 1707 satis
1578 1655 1757 1721 efficit,
1795 1674 1988 1728 neque,
2023 1666 2089 1710 ut

376 1727 558 1794 debet,
610 1726 764 1799 plene
805 1725 1110 1778 dominatur
1148 1725 1338 1791 oratic,
1378 1726 1410 1777 fi
1437 1725 1600 1797 usque
1636 1727 1705 1779 ad
1746 1744 1898 1780 aures
1921 1727 2084 1792 volet,

375 1810 536 1869 atque
559 1817 622 1851 ea
656 1797 747 1850 fibi
771 1795 960 1868 judex,
999 1796 1066 1849 de
1105 1797 1300 1868 quibus
1343 1797 1632 1869 cognoscit,
1667 1796 1861 1850 narrari
1898 1796 2085 1869 credit,

374 1887 483 1921 non
522 1867 765 1940 exprimi,
809 1877 864 1920 et
893 1866 1062 1920 oculis
1113 1867 1308 1921 mentis
1344 1866 1562 1919 ostendi.
1654 1867 1780 1933 Sed,
1829 1867 2080 1940 quoniam
2103 1868 2168 1938 63

330 2001 334 2004 γ
371 1939 611 2010 pluribus
635 1935 807 1991 modis
830 1937 998 2010 accipi
1030 1936 1179 2004 solet,
1217 1956 1323 1990 non
1348 1936 1594 2008 equidem
1624 1937 1679 1990 in
1705 1957 1889 1992 omnes
1913 1957 2032 1992 eam
2048 1949 2082 1973 ¹·

375 2009 660 2080 particulas
724 2008 908 2061 secabo
923 2017 964 2074 ¹¹,
1025 2026 1247 2078 quarum
1272 2018 1293 2040 ⁰
1334 2008 1607 2061 ambitiose
1676 2027 1709 2061 a
1769 2007 2083 2081 quibusdam

373 2098 622 2135 numerus
667 2089 891 2152 augetur
907 2089 950 2145 P,
998 2079 1086 2133 sed
1131 2078 1365 2133 maxime
1415 2078 1717 2134 neceffarias
1740 2089 1762 2122 ‘³
1797 2079 2080 2153 attingam.

435 2267 454 2292 ε
485 2276 553 2301 om.
574 2262 626 2300 G.
727 2259 745 2289 ¹¹
774 2272 822 2299 ea
839 2260 914 2300 effe
939 2273 987 2299 ex
1007 2261 1058 2300 G.
1075 2261 1182 2300 Jens.
1288 2258 1302 2289 ¹
1329 2261 1499 2312 exprimi
1519 2260 1725 2301 decentius
1741 2261 1849 2313 quod
1866 2263 1956 2300 haec
1974 2261 2027 2301 G.
2044 2270 2082 2300 er

363 2315 469 2367 plur.
487 2324 548 2367 ap.
570 2317 663 2354 Bur.
682 2315 1021 2365 concipiendaque
1053 2330 1121 2353 om.
1139 2314 1244 2353 Jens.
1371 2316 1382 2339 ¹
1417 2315 1503 2355 th.
1538 2315 1608 2365 leg.
1636 2315 1720 2363 illa,
1748 2325 1816 2354 aut
1842 2315 1968 2354 deinde
1985 2316 2078 2355 hoc.

368 2377 494 2462 Ξήειῗέ
506 2370 565 2462 g.
621 2375 639 2393 ¹¹
671 2368 814 2407 locabo
833 2369 884 2407 G.
902 2368 1008 2408 Jens.
1116 2374 1138 2396 ⁰
1166 2380 1338 2419 quorum
1358 2367 1426 2408 iid.
1534 2374 1555 2402 Ρ
1572 2377 1706 2419 agetur
1725 2369 1777 2409 G.
1895 2375 1915 2402 ‘¹
1947 2369 2080 2410 neces-

431 2588 479 2627 61
492 2615 502 2627 .
534 2584 572 2626 E
561 2585 633 2642 jus
645 2583 772 2641 primi
777 2584 878 2643 sunt
889 2583 1069 2641 gradus]
1101 2583 1185 2626 Hic
1266 2585 1376 2629 velis
1391 2586 1568 2644 exprimi
1597 2583 1813 2637 decentius,
1847 2585 1952 2642 quod
1975 2583 2080 2636 baec,

369 2642 502 2693 locus,
559 2643 629 2684 nifi
671 2642 806 2692 fallor,
866 2652 1083 2699 corruptus
1112 2641 1183 2685 est.
1266 2643 1475 2700 perspicua
1494 2659 1636 2701 nempe
1669 2653 1795 2700 atque
1828 2643 2076 2701 probabilia,

368 2701 525 2743 Fabius
545 2700 712 2756 quidem
740 2700 799 2742 ita
820 2699 991 2757 jungere
1009 2713 1089 2740 non
1109 2714 1186 2756 po·
1264 2699 1458 2744 nitidiora
1462 2700 1608 2757 faciat
1626 2703 1708 2745 sce.

371 2759 469 2808 tuit,
500 2757 544 2800 in
560 2771 620 2807 eo,
648 2758 752 2814 quod
777 2756 901 2808 velis,
930 2756 1185 2813 exprimendo
1324 2761 1397 2801 61.
1427 2767 1467 2801 et
1504 2759 1605 2803 illud
1631 2758 1786 2816 quidem
1808 2759 1947 2815 patet]
1988 2759 2077 2803 Res

369 2814 687 2872 concipiendoque
702 2835 714 2856 ε
743 2829 873 2871 neque
891 2815 1071 2864 multum
1090 2829 1183 2871 pro·
1265 2815 1390 2867 clara,
1422 2816 1676 2875 Perspicuum
1713 2817 1826 2873 quod
1861 2815 1931 2867 est,
1956 2823 2081 2872 patet

361 2872 527 2921 ,fecer-is,
549 2871 575 2913 fi
597 2873 770 2914 invertas
791 2887 885 2914 cum
904 2872 1072 2915 Rollino
1089 2886 1180 2913 con-
1263 2873 1344 2924 his,
1375 2875 1448 2931 qu'i
1479 2875 1622 2918 oculos
1661 2874 1892 2924 advertunt,
1923 2874 2076 2917 intelli-

366 2930 540 2986 cipiendo
586 2928 929 2987 exprimendoque.
1003 2929 1180 2973 Fortasse
1258 2932 1375 2987 gitur
1393 2932 1721 2976 attendentibusz
1742 2932 1786 2972 τὸ
1812 2930 1963 2985 ἐναργὲς,
1977 2931 2075 2974 evi-

366 2988 499 3030 voluit
517 2986 670 3042 aliquis
691 2987 733 3028 in
763 2989 947 3044 margine
984 2987 1178 3038 indicare,
1255 2989 1367 3040 dens,
1396 2991 1727 3049 repr-cestntatum
1737 2990 1788 3046 se
1805 2988 1980 3047 (stendit,
2010 2989 2076 3032 in·

362 3044 611 3103 perspicuum
640 3052 680 3086 et
711 3043 914 3101 probabile
940 3045 1092 3102 primos
1109 3044 1180 3101 effl’
1255 3047 1360 3102 gerit
1374 3047 1506 3103 ultro,
1521 3048 1647 3091 etiam
1665 3047 1905 3096 nolentium,
1924 3046 2075 3099 oculis,

360 3104 520 3161 gradus
539 3110 691 3144 ornatae
709 3101 925 3144 orationis.
979 3104 1084 3145 Haec
1102 3103 1178 3145 ob·
1256 3112 1297 3146 et
1329 3106 1545 3148 in'mentes
1581 3106 1624 3149 vi
1657 3105 1838 3162 quadam
1858 3105 2072 3163 irrumpit.

368 3160 538 3204 servatio
568 3158 712 3201 deinde
735 3174 831 3202 cum
859 3161 900 3202 in
920 3159 1042 3202 Fabii
1080 3174 1177 3202 con-
1256 3162 1404 3219 Neque
1417 3162 1519 3205 illud
1536 3165 1701 3206 turbare
1715 3176 1789 3206 nos
1806 3161 1942 3212 debet,
1957 3164 2072 3219 quod

368 3229 525 3260 textum
589 3227 739 3259 temere
786 3216 1004 3274 irrepsisset,
1061 3216 1178 3260 tertio
1258 3217 1361 3261 illud
1393 3219 1567 3264 refertur
1595 3221 1647 3263 ad
1685 3219 1929 3280 proximiuS,
1959 3220 2068 3276 (vid.

365 3276 511 3334 gradui
531 3273 813 3331 confingendo,
843 3285 883 3318 et
914 3275 1179 3318 immutandae
1261 3279 1303 3326 6,
1324 3292 1362 3327 1,
1385 3278 1431 3333 9)
1453 3278 1514 3320 sed
1537 3279 1695 3336 generis
1714 3277 1788 3323 illa
1803 3276 2071 3335 discrepantia

365 3333 543 3376 orationi
576 3332 712 3373 locum
743 3332 872 3375 dedit.
946 3333 1066 3375 Certe
1097 3346 1178 3375 non
1257 3335 1328 3376 vix
1347 3335 1571 3380 tolerabilis
1609 3336 1678 3380 est.
1739 3337 1890 3391 Itaque
1919 3334 2071 3378 melius

364 3389 623 3433 incommoda
654 3390 806 3432 orietur
823 3389 1031 3441 sententia,
1062 3389 1088 3432 fi
1120 3390 1179 3433 ita
1257 3391 1386 3448 legas,
1401 3403 1448 3434 ut
1465 3394 1756 3444 indicavimus,
1769 3401 1809 3437 et
1822 3391 1900 3436 illa
1911 3391 2070 3449 quiden:

358 3450 528 3504 jungas,
560 3448 764 3487 ornatum
801 3447 868 3504 est,
898 3448 1001 3504 quod
1020 3447 1176 3505 petjspi-
1258 3450 1339 3493 διε.
1402 3451 1467 3493 De
1498 3454 1651 3506 ἐναργείᾳ
1682 3451 1772 3495 vid.
1806 3451 1932 3494 etiam
1954 3464 2001 3504 4,
2022 3465 2068 3504 2,

366 3521 435 3549 cuo
453 3513 492 3547 et
512 3502 715 3564 probabili
734 3503 827 3561 plus
853 3505 904 3564 est
925 3504 969 3548 in
986 3519 1045 3557 ev,
1074 3507 1181 3563 quod
1259 3510 1330 3562 63.
1365 3511 1408 3559 6,
1431 3523 1474 3560 2,
1496 3523 1569 3563 3²·
1670 3535 1676 3539 -
