2320 4030
589 290 872 342 INSTIT.
907 289 1244 340 ORATOR.
1279 290 1418 340 LIB.
1451 291 1568 340 XII.
1611 306 1687 339 ιο.
1886 304 1989 357 335

253 428 325 481 de
364 446 510 482 nunc
549 446 768 500 quoque
796 426 951 491 aridi,
974 436 1033 479 et
1067 425 1293 491 exsucci,
1327 436 1385 478 et
1420 427 1710 496 exsangues
1752 425 1831 495 (hi
1867 427 1988 479 sunt

255 499 424 564 enim,
450 498 542 570 qui
579 499 684 552 suae
727 497 1086 552 imbecillitati
1122 497 1357 550 sanitatis
1397 497 1829 568 appellationem,
1865 517 1988 570 quae

259 571 331 622 est
354 571 586 623 maxime
609 569 891 635 contraria,
914 568 1232 636 obtendant)
1258 568 1388 639 quia
1424 568 1698 620 clariorem
1736 568 1845 620 vim
1872 569 1987 622 elo-

255 642 515 711 quentiae,
541 657 754 694 VELUT
788 639 972 705 solem,
1011 639 1146 691 ferre
1178 657 1286 691 non
1323 638 1554 709 possunt,
1581 638 1771 691 umbra
1801 641 1989 710 magni

260 711 494 770 nominis
518 711 834 764 delitescunt
855 731 869 762 ι
907 710 1103 781 quibus
1128 709 1255 782 quia
1277 710 1467 775 multa,
1492 719 1547 762 et
1616 709 1822 763 Iuribus
1852 710 1989 763 locis

263 782 456 836 Cicero
479 783 587 854 ipse
617 781 899 853 respondit,
925 781 1094 834 tutior
1128 780 1263 834 mihi
1287 780 1355 832 de
1381 781 1485 833 hoc
1509 781 1562 832 di
1603 781 1785 833 erendi
1812 782 1989 833 brevi-

174 853 239 903 16
261 863 340 906 tas
366 853 485 906 erit.
558 855 632 905 Et
666 854 887 924 antiqua
923 852 1140 924 quidem
1178 851 1272 904 illa
1301 851 1482 904 divisio
1507 852 1644 903 inter
1668 852 1877 921 Asianos
1902 864 1987 904 at-

259 942 366 995 que
390 925 582 977 Atticos
605 924 735 989 fuit3
778 943 904 976 cum
928 924 983 975 hi
1010 922 1156 994 preffi
1181 934 1236 975 et
1261 922 1374 975 inte
1443 924 1479 987 i,
1503 934 1690 975 contra
1719 923 1886 975 inflati
1910 923 1991 976 illi

256 1006 317 1048 et
359 996 540 1048 inanes
581 995 934 1061 haberentur3
974 1004 1078 1046 et·
1116 995 1171 1046 in
1208 994 1292 1046 his
1327 941 1464 1047 affilil
1502 994 1856 1064 superflueret,
1881 994 1990 1050 illis

248 1064 519 1138 judicium
566 1067 840 1119 maximev
879 1084 943 1118 ac
978 1065 1169 1118 modus
1209 1065 1419 1118 deefl‘et.
1493 1065 1659 1118 Quod
1699 1065 1914 1136 quidam
1939 1077 1987 1133 ¹,

260 1156 491 1209 quorum
515 1149 572 1191 et
610 1139 839 1191 Santra2
873 1137 967 1201 est,
993 1136 1099 1188 hoc
1135 1146 1327 1207 putant
1361 1135 1619 1202 accidiss'e,
1644 1136 1808 1208 quod,
1836 1137 1988 1210 paul-

261 1209 413 1262 latim
437 1210 673 1262 sermone
700 1211 892 1262 Graeco
916 1209 968 1260 in
996 1208 1264 1279 proximas
1285 1208 1417 1259 Afiae
1445 1208 1686 1260 civitates
1711 1209 1988 1276 influente,

261 1280 503 1333 nondum
551 1280 671 1333 satis
726 1279 880 1351 periti
935 1278 1189 1350 loquendi
1237 1277 1534 1332 facundiam
1580 1279 1947 1350 concupierint
1967 1301 1986 1333 ε

261 1350 492 1424 ideoque
522 1369 608 1414 ea,
631 1369 756 1423 quae
791 1351 1000 1422 proprie
1037 1350 1223 1422 {ignari
1259 1360 1520 1421 poterant,
1543 1349 1772 1402 circuitu
1804 1369 1987 1424 coepe·

181 1430 239 1486 17
262 1421 372 1475 rint
406 1422 699 1488 enuntiare,
725 1441 790 1475 ac
827 1421 1022 1475 deinde
1058 1422 1113 1473 in
1148 1440 1212 1474 eo
1243 1421 1632 1492 perseverarint.
1705 1420 1847 1474 Mihi
1887 1441 1988 1476 au-

259 1503 373 1546 tem
398 1493 650 1547 orationis
678 1493 1026 1547 differentiam
1054 1492 1227 1547 feciffe
1259 1503 1315 1545 et
1348 1492 1640 1553 dicentium
1678 1503 1734 1544 et
1766 1494 1988 1546 audien-

261 1564 399 1617 tium
456 1577 658 1618 naturae
707 1564 974 1629 videntur,
1019 1563 1166 1634 quod
1214 1563 1378 1616 Attici
1432 1562 1604 1616 limati
1656 1563 1876 1634 quidem
1932 1577 1991 1619 et

259 1636 501 1689 emunzffi
528 1635 661 1688 nihil
685 1635 842 1688 inane
866 1647 960 1688 aut
984 1634 1286 1688 redundans
1311 1634 1569 1688 ferebant.
1630 1634 1828 1705 Asiana
1850 1655 1990 1709 gens

262 1707 521 1759 tumidior
557 1707 758 1779 alioqui
797 1720 958 1778 atque
986 1705 1296 1778 jactantior,
1332 1707 1545 1759 vaniore
1579 1706 1741 1758 etiam
1773 1706 1991 1762 dicendi

178 1772 242 1824 18
263 1778 436 1859 gloria
457 1778 639 1832 inflata
662 1779 750 1832 est.
824 1778 1064 1830 Tertium
1100 1797 1245 1843 mox,
1273 1776 1369 1850 qui
1394 1778 1512 1830 haec
1535 1777 1865 1844 dividebant,
1892 1781 1990 1832 ad-

252 1860 504 1921 jecerunt
532 1870 692 1921 genus
719 1850 961 1903 Rhodium
982 1870 998 1901 .·
1038 1849 1182 1920 quod
1210 1848 1356 1901 velut
1390 1848 1627 1901 medium
1659 1849 1758 1901 effe
1784 1862 1990 1922 atque²²

259 1938 330 1973 ex
369 1932 602 1993 utroque
639 1921 867 1973 mixtum
911 1921 1119 1973 volunt.
1195 1920 1393 1992 Neque
1434 1921 1577 1972 enim
1615 1921 1779 1974 Attice
1817 1924 1990 1992 preffi,

264 2009 438 2064 neque
461 1992 649 2063 Asiane
681 1993 800 2046 sunt
826 1992 1177 2058 abundantes,
1204 2002 1266 2043 ut
1301 1990 1504 2062 aliquid
1542 1992 1738 2045 habere
1767 1992 1989 2046 videan-

180 2075 243 2129 19
265 2074 352 2117 tur
388 2063 588 2136 gentiS,
630 2063 832 2136 aliquid
873 2063 1120 2117 auctoris.
1194 2063 1458 2134 AEsbhines
1498 2064 1664 2127 enim,
1706 2064 1802 2135 qui
1843 2064 1993 2118 hunc

234 2190 241 2194 ,
263 2134 443 2188 exfilio
461 2135 732 2207 delegerat
753 2134 954 2201 locum,
983 2133 1167 2188 intulit
1191 2152 1255 2185 eo
1280 2134 1448 2186 studia
1470 2134 1828 2202 Athenarum,
1844 2155 1990 2207 quae,

268 2223 482 2260 VELUT
515 2206 621 2260 sata
653 2205 900 2278 quaedam
936 2205 1073 2259 coelo
1109 2215 1350 2276 terraque
1386 2205 1731 2278 degenerant,
1755 2207 1992 2278 saporem

265 2276 418 2331 illum
460 2277 706 2331 Atticum
749 2278 1031 2349 peregrino
1072 2276 1416 2330 miscuerunt.
1489 2277 1648 2330 Lenti
1694 2296 1748 2329 er
1788 2298 1821 2329 ο
1863 2279 1989 2349 qui-

266 2347 391 2402 dem
407 2350 428 2380 '²
454 2366 515 2402 ac
540 2348 750 2414 remiffi,
777 2367 882 2401 non
910 2348 1012 2400 fine
1038 2347 1272 2419 pondere
1298 2357 1475 2401 tamen
1497 2369 1512 2400 z
1553 2367 1726 2419 neque
1749 2297 1992 2404 {ontibus

267 2419 433 2489 puriS,
459 2439 635 2493 neque
660 2419 985 2488 torrentibus
1010 2419 1252 2482 turbidis-3,
1279 2418 1368 2471 sed
1393 2418 1601 2472 lenibus
1629 2420 1822 2491 stagnis
1849 2421 1991 2474 fimi-

181 2491 346 2544 201es
373 2491 657 2545 habentur.
731 2493 910 2544 Nemo
946 2491 1114 2564 igitur
1150 2489 1491 2555 dubitaverit,
1518 2490 1680 2560 longe
1717 2492 1991 2564 effetopti-

269 2580 421 2616 mum
449 2581 621 2636 genus
644 2563 973 2616 Atticorum.
1049 2563 1110 2614 In
1137 2579 1246 2632 quo
1269 2573 1332 2615 ut
1369 2562 1440 2614 est
1465 2562 1668 2633 aliquid
1695 2563 1832 2616 inter
1856 2564 1994 2636 ipsos

325 2721 345 2741 ⁰
377 2731 447 2755 one.
464 2718 516 2756 G.
533 2719 640 2757 Jens.
765 2727 787 2750 v
815 2718 1048 2757 maximum
1065 2717 1171 2755 Jens.
1298 2723 1320 2745 ¹
1348 2716 1512 2767 quidem
1532 2716 1582 2753 id.
1710 2724 1734 2746 2
1761 2718 1921 2758 Stantra
1937 2719 1994 2759 G.

268 2771 556 2865 {angra-hus.
587 2771 731 2813 Sansta
750 2772 881 2849 Kapp.
911 2772 1036 2814 Satira
1061 2770 1150 2824 Voffi
1174 2783 1210 2820 3.
1385 2783 1402 2801 ⁸
1433 2770 1544 2811 velut
1563 2771 1613 2810 G.
1775 2773 1793 2797 ²²
1826 2774 1992 2824 quidam

336 2976 405 3016 ¹5·
440 2961 575 3005 Cicero
593 2960 673 3019 ipse
689 2959 906 3019 respondit]
944 2956 1002 3004 ti's
1024 2961 1087 3019 ip-
1171 2961 1342 3019 aliisque
1361 2961 1591 3004 laudatum.
1643 2959 1808 3003 Scilicet
1836 2978 1886 3005 ex
1918 2963 1991 3015 iis,

273 3019 322 3062 fis
341 3018 457 3070 locis,
480 3035 586 3076 quos
604 3019 727 3061 modo
750 3019 1028 3063 laudavimus.
1171 3035 1265 3076 quae
1287 3034 1355 3077 per
1369 3021 1502 3062 otium
1519 3018 1739 3075 quaerenda
1756 3019 1861 3063 mihi
1881 3021 1992 3064 sum-

339 3081 408 3120 16.
437 3091 604 3134 quorum
622 3086 662 3120 et
684 3079 840 3119 Santra
858 3077 931 3134 est]
962 3079 997 3120 F
999 3077 1089 3120 esti·
1171 3080 1313 3129 seram,
1354 3077 1581 3135 improvide
1619 3087 1659 3119 et
1700 3076 1767 3120 hic
1807 3089 1848 3121 et
1881 3095 1991 3122 nnus

273 3138 454 3187 natione,
473 3138 586 3192 quod
616 3137 716 3191 saepe
736 3135 840 3177 mihi
870 3136 941 3177 usu
962 3136 1089 3186 venit,
1172 3138 1354 3193 itemque
1373 3136 1473 3178 alter
1498 3144 1691 3193 praeterea
1722 3134 1836 3178 locus
1869 3138 1909 3178 in
1942 3138 1993 3179 il-

272 3196 420 3244 erravi,
437 3209 531 3236 cum
544 3194 654 3236 hunc
668 3193 805 3235 locum
828 3193 931 3236 inter
947 3193 1089 3236 Nodos
1173 3194 1259 3235 lum
1321 3194 1547 3236 indiculum
1603 3191 1867 3250 transcriptus
1922 3196 1991 3246 cst,

274 3251 600 3314 Qinc'iilianeos
634 3251 753 3294 retuli
773 3270 782 3293 z
821 3266 945 3307 quem
975 3260 1092 3293 tanto
1173 3267 1299 3305 quem
1319 3252 1359 3294 in
1382 3252 1465 3308 ipso
1485 3251 1642 3294 itineris
1664 3253 1871 3307 procimfftu
1895 3269 1991 3296 cum

274 3311 440 3355 facilius
471 3311 605 3360 solvit,
623 3311 695 3367 qui
734 3310 944 3352 Gordium
978 3310 1088 3352 haud
1173 3310 1303 3359 eiscm,
1352 3309 1612 3367 typographo
1659 3309 1752 3350 dedi
1802 3311 1994 3366 Pam-gis

273 3384 404 3413 unum
422 3369 654 3419 extricavit,
667 3370 937 3410 Heumannus
956 3382 1089 3417 meus,
1174 3367 1517 3424 Gottingensibus
1568 3366 1833 3417 inserendum,
1875 3372 1994 3422 cuju,-

273 3428 526 3483 ostenditque
546 3426 648 3468 mihi
668 3425 844 3467 nobilem
867 3426 1090 3468 Gramma·
1174 3426 1232 3467 rei
1253 3425 1437 3482 plusculi
1466 3426 1588 3468 habet
1613 3424 1790 3480 impiffz·
1819 3428 1886 3468 220}
1910 3428 1994 3469 νεί-

274 3487 406 3528 ticum
435 3488 646 3534 Santram,
668 3484 801 3532 Fcst0,
821 3484 1089 3541 Hieronymo,
1176 3484 1292 3539 rigia.

274 3545 372 3587 ritae
420 3543 611 3586 Terentii
660 3541 844 3597 scriptori
905 3543 1090 3598 antiquo,
