2320 4030
566 320 843 373 1NST1T.
877 318 1216 370 ORATOR.
1252 316 1625 381 L13.v111.3.
1885 336 1944 390 23

240 456 390 512 etiam
421 461 500 524 (ut
536 463 669 512 nunc,
705 457 968 528 loquuntur
979 461 1039 527 ¹¹),
1074 454 1337 508 urbanum.
1410 454 1561 516 Idem
1598 465 1750 527 putat
1773 475 1804 510 a
1835 460 1947 513 Te-

241 528 413 582 rentio
436 529 669 600 primum
694 528 896 582 dictum
933 526 1034 579 effe
1057 525 1347 597 obsequium.
1423 524 1673 580 Caecilius
1711 528 1818 580 adx
1858 530 1945 582 Si-

241 598 474 663 sennam,
498 599 710 652 Albenti
730 597 864 651 caelo.
942 595 1189 650 Cervicem
1222 594 1430 648 videtur
1454 596 1764 651 Hortensius
1782 609 1805 640 Υ
1837 601 1947 670 pri·

242 687 366 727 mus
381 679 404 702 ²
438 669 648 724 dixiffe:
688 687 807 722 nam
845 677 1045 721 veteres
1078 665 1347 749 pluraliter
1367 684 1433 737 ap
1469 665 1701 720 ellabant
1715 680 1753 721 ².
1824 674 1945 722 Au-

243 738 476 794 dendum
511 739 708 810 itaque.
779 739 974 811 Neque
1008 755 1154 790 enim
1188 735 1384 790 accedo
1459 736 1583 803 elso,
1609 737 1704 809 qui
1737 739 1803 792 ab
1827 758 1946 792 ora-

148 814 224 884 36
243 818 358 864 tore
399 811 556 864 verba
599 810 731 882 fingi
771 819 934 862 vetat.
1005 809 1174 873 Nam,
1199 824 1326 860 cum
1365 806 1464 859 fint
1504 825 1688 860 eorum
1730 809 1834 862 alia
1867 814 1951 881 (ut

245 877 378 934 dicit
411 881 622 949 Cicero)
665 881 866 944 nativa,
909 879 966 932 id
1007 879 1099 945 est,
1134 897 1247 960 quae
1261 877 1559 950 stgnficata
1575 880 1703 951 sunt
1738 881 1909 951 primo
1926 885 1950 915 ὓ

226 952 323 1023 sen
342 971 414 1021 με
450 951 562 1005 alia·
597 962 809 1024 reperta,
837 969 971 1022 rquae
1006 968 1072 1002 ex
1109 948 1192 1002 his
1226 947 1365 1002 facta
1393 948 1542 1002 sunt:
1580 948 1770 1022 utjam
1797 953 1952 1006 nobis

317 1039 439 1075 nere
475 1022 579 1075 alia
594 1033 633 1087 Ε,
676 1023 874 1092 quamd
898 1030 1055 1094 quaee
1094 1018 1175 1072 illi
1213 1017 1373 1072 rudes
1409 1018 1657 1073 homines
1687 1021 1952 1094 primique

267 1103 507 1155 ece'runt,
535 1091 612 1146 fas
637 1111 745 1145 non
767 1091 848 1156 fit,
874 1102 929 1144 at
951 1091 1200 1156 derivare,
1213 1088 1445 1214 ἂβεᾶενε,
1471 1091 1774 1172 conjungere,
1805 1094 1954 1165 quod

153 1180 220 1238 37
247 1162 383 1214 natis
406 1164 579 1234 postea
614 1162 911 1216 conceffum
942 1163 1034 1226 est,
1109 1178 1211 1214 uan
1250 1179 1284 1213 ο
1322 1158 1471 1213 defiit
1510 1159 1745 1226 haeres?
1786 1165 1877 1229 Et,
1915 1165 1948 1216 fi

247 1232 377 1305 quid
416 1234 752 1307 periculosius
786 1232 983 1286 finxiffe
1015 1232 1067 1286 vi
1107 1229 1332 1296 ebiniur,
1356 1231 1670 1302 quibusdam
1703 1234 1953 1288 remediis

244 1303 706 1375 praemuniendum
731 1304 819 1369 est,
853 1303 920 1357 Ut
942 1305 1016 1357 ita
1037 1303 1232 1368 dicam3
1260 1301 1319 1357 Si
1347 1300 1458 1355 licet
1480 1302 1672 1368 dicere3
1704 1304 1951 1358 Quodam-

301 1475 323 1496 τ·
353 1443 560 1522 loquimur
580 1473 633 1512 c.
800 1476 820 1496 κ
850 1483 875 1510 a
893 1471 1057 1511 Sisenna
1075 1471 1128 1511 c.
1146 1479 1182 1510 et
1209 1470 1263 1510 al.
1283 1478 1344 1521 ap.
1364 1471 1459 1509 Bur.
1484 1469 1568 1509 vid.
1588 1469 1659 1521 leg.
1674 1482 1722 1511 ac
1741 1472 1812 1511 sis.
1831 1486 1875 1512 v.
1893 1488 1954 1514 m.

246 1525 266 1553 Υ
295 1524 525 1565 Torrentius
545 1527 596 1566 G.
618 1539 655 1566 2.
790 1529 809 1550 ²
839 1526 1019 1575 primum
1036 1525 1089 1564 G.
1197 1531 1215 1549 ³
1246 1524 1451 1575 appellant
1470 1524 1522 1563 G.
1540 1525 1647 1563 Jens.
1772 1525 1788 1550 ὓ
1821 1527 1953 1577 primo

244 1579 392 1618 —sunt
408 1592 477 1617 om.
496 1580 547 1620 G.
563 1589 600 1619 et
613 1579 664 1618 al.
685 1586 745 1629 ap.
761 1579 897 1618 Burm.
1080 1583 1097 1604 ²
1129 1577 1263 1630 aliqua
1281 1578 1334 1618 G.
1503 1578 1522 1603 ‘¹
1553 1590 1677 1630 quam
1695 1593 1764 1618 om.
1782 1579 1833 1619 G.
1847 1581 1953 1631 Jens.

249 1635 267 1659 ⁸
290 1632 406 1684 quod
424 1633 486 1676 G.
542 1641 546 1653 ⁶
609 1632 627 1660 f
653 1632 747 1672 licet
769 1632 821 1690 G.

308 1810 380 1855 35.
411 1811 441 1841 a
461 1794 645 1857 Terentio
670 1792 842 1851 dilium]
875 1795 916 1839 Si
934 1794 1058 1855 respi-
1143 1795 1350 1854 Simplicia
1366 1795 1502 1839 verba
1512 1795 1671 1854 partim
1690 1798 1830 1842 nativa
1834 1800 1955 1857 sunt,

246 1854 323 1906 cit,
342 1865 393 1899 ut
409 1855 585 1906 videtur,
605 1854 712 1898 Lael.
733 1869 774 1896 c.
790 1869 862 1906 24,
879 1866 962 1896 non
981 1855 1059 1898 hoc
1134 1854 1296 1912 partim
1331 1863 1503 1913 reperta.
1567 1855 1723 1898 Nativa
1757 1871 1825 1907 ea,
1861 1872 1954 1916 quae

245 1914 356 1957 dixit
389 1914 550 1964 Cicero,
570 1912 843 1965 Terentium-
876 1915 982 1955 rimo
1008 1927 1060 1955 u-

249 1971 337 2015 sum
358 1972 481 2014 verbo
499 1969 681 2028 obfiquii,
701 1969 812 2026 quod
857 1969 982 2012 alsum
1002 1971 1060 2014 es-

249 2029 306 2072 set
317 2045 331 2082 3
351 2029 416 2072 sed
427 2029 604 2073 Laelium
618 2028 708 2084 (cui
725 2027 894 2084 quidam
907 2028 1061 2071 tribue-

247 2086 351 2129 bant
369 2087 572 2139 Terentii¹
588 2084 773 2142 fabulas)
803 2100 852 2128 ex
885 2085 1060 2143 personae

248 2143 394 2187 decoro
421 2144 646 2187 introducit
673 2142 905 2185 laudantem
929 2144 1062 2199 primo

161 2202 168 2205 ’
247 2201 489 2245 verficulum
509 2202 626 2245 illum
645 2199 860 2243 familiaris
878 2201 939 2244 sui
957 2201 1061 2260 obst·-

248 2258 385 2317 quium
401 2259 565 2310 amicos,
585 2273 633 2302 ac
660 2274 757 2301 mox
773 2259 993 2307 dicentem,
1012 2260 1063 2302 In

249 2316 422 2376 olgsequio
449 2326 598 2367 autem,
617 2315 804 2374 quoniam
824 2315 1063 2360 Terentiano

249 2375 380 2417 verbo
397 2375 577 2418 lubenter
603 2373 771 2424 utimur,
799 2375 877 2417 &c-
923 2375 1063 2416 Verbo

249 2431 402 2491 obsqui
463 2431 728 2476 honestiffima
773 2431 1063 2488 significatione

250 2489 353 2548 saepe
380 2491 446 2534 uti
466 2490 728 2540 Terentium,
747 2489 812 2532 vel
838 2489 960 2533 index
987 2489 1061 2532 do·
1084 2531 1086 2535 ⁴

250 2558 400 2592 cuerit.
765 2576 769 2577 ν

312 2621 332 2659 3
342 2621 384 2660 5.
416 2601 596 2650 Caecilius
630 2605 692 2647 ad
725 2603 826 2662 sifi]
879 2604 1063 2647 Ostendit

251 2662 528 2714 Burmannus,
577 2661 794 2707 Caecili'um
841 2662 1061 2704 Comicum

247 2721 310 2763 ad
323 2720 526 2779 Sisennam
543 2720 777 2764 historicum
805 2719 975 2762 scribere
994 2734 1064 2776 per

250 2787 483 2836 temporum
526 2780 701 2822 rationes
749 2791 829 2820 non
876 2777 1060 2835 potuiss'e.

247 2834 490 2894 'Suspicatur
514 2836 645 2894 igitur
662 2836 824 2885 merito,
847 2834 882 2877 le
914 2836 1063 2877 endum

254 2893 453 2946 Caecilius,
471 2892 537 2937 vel
553 2894 676 2936 etiam
704 2891 851 2936 Caelius
928 2893 1064 2950 ntipa-

250 2960 330 3003 ter,
350 2951 579 3002 historicus,
597 2965 650 2993 ac
666 2950 847 3008 Sisenna.

315 3024 335 3063 3
344 3023 386 3064 5.
418 3008 634 3053 Cervicem
651 3007 902 3064 Horterfius]
923 3008 1064 3050 Habet

250 3066 332 3109 hoc
360 3067 515 3109 Fabius
545 3081 571 3109 a
589 3068 786 3115 Varrone,
805 3075 854 3108 ut
886 3065 1064 3117 videtur,

252 3125 328 3181 qui
360 3124 412 3166 de
444 3125 499 3167 L.
521 3125 650 3176 L.-7,
676 3138 716 3178 5,
749 3132 789 3166 et
819 3139 863 3180 9,
881 3137 927 3176 4,
956 3133 1063 3166 extr.

254 3181 470 3226 Hortenfio
503 3182 583 3225 hoc
633 3181 808 3224 tribuit:
852 3191 894 3224 et
936 3180 1068 3239 priore

255 3239 422 3296 quidem
438 3240 531 3283 loco
551 3238 683 3290 addit,
702 3238 747 3281 in
756 3239 970 3295 pob‘matis.
990 3238 1066 3281 Sed

185 3308 188 3310 ’
254 3294 460 3341 refutatur
486 3296 727 3340 testimoniis
751 3297 923 3339 Pacuvii
957 3297 1068 3353 apud

256 3355 351 3398 Cic.
367 3355 417 3397 de
436 3355 624 3398 Divinat.
640 3370 683 3405 2,
698 3356 772 3406 64,
786 3355 859 3396 ubi
878 3353 1068 3396 testudini

253 3412 408 3456 cervix
425 3411 608 3469 anguina
626 3412 846 3463 tribuitur,
859 3420 900 3454 et
913 3413 1069 3454 Lucre-

254 3471 312 3514 tii
327 3472 371 3520 6,
392 3484 493 3524 744.
644 3477 649 3482 '
823 3515 826 3519 ⁴
999 3504 1005 3510 .

318 3530 388 3583 36.
420 3535 464 3571 ut
482 3526 578 3571 dicit
597 3526 753 3582 Cicero]
786 3524 937 3571 Partit.
958 3540 997 3569 c.
1024 3540 1067 3581 ς.

1128 1911 1360 1969 fignificata
1374 1913 1476 1971 fiant
1488 1913 1608 1971 finfic
1626 1931 1638 1954 .-
1669 1924 1842 1971 reperta,
1864 1931 1954 1973 quae

1141 1984 1198 2013 ex
1228 1969 1291 2013 his
1318 1970 1450 2025 fabia
1464 1973 1581 2028 ficnt,
1611 1978 1651 2013 et
1680 1981 1844 2015 novata
1876 1983 1953 2016 aut

1127 2027 1407 2084 similitudine,
1426 2036 1502 2070 aut
1529 2027 1769 2079 imitatione,
1788 2040 1864 2072 aut
1887 2030 1954 2074 in-

1127 2085 1324 2141 flexione,
1342 2093 1418 2130 aut
1442 2086 1697 2142 adjunc‘Jione
1712 2086 1952 2133 verborum.

1140 2145 1176 2187 F
1176 2143 1353 2195 ormula,
1381 2157 1472 2202 quae
1495 2143 1726 2200 significata
1740 2146 1842 2202 fient
1855 2147 1954 2205 fin-

1129 2202 1199 2259 su,
1217 2201 1480 2245 obscuritatis
1509 2201 1669 2258 aliquid
1699 2202 1838 2246 habet.
1883 2205 1956 2247 In-
2008 2216 2014 2219 ·

1141 2259 1386 2318 telligendus
1414 2260 1468 2302 est
1496 2259 1577 2316 ipse
1604 2259 1734 2306 sensus
1770 2275 1957 2304 commu-

1142 2319 1225 2368 nis,
1255 2318 1330 2375 qui
1362 2317 1620 2374 fignificavit‚
1650 2318 1850 2366 indicavit
1884 2320 1959 2376 (de

1143 2375 1402 2431 quorundam
1448 2375 1672 2430 sententia)
1721 2376 1956 2420 hominibus

1143 2435 1278 2490 prima
1297 2433 1369 2476 illa
1381 2433 1522 2476 verba.
1601 2434 1644 2475 H
1647 2447 1705 2475 aec
1725 2433 1815 2477 sunt
1833 2437 1958 2478 verba

1136 2497 1241 2546 pene
1269 2506 1354 2534 una
1383 2499 1484 2534 nata
1517 2505 1605 2534 cum
1633 2489 1719 2548 ipsts
1749 2491 1884 2544 rebus,
1907 2502 1956 2536 ut

1143 2548 1331 2605 loquitur
1356 2549 1406 2591 de
1437 2551 1562 2592 Orat.
1598 2563 1638 2601 3,
1677 2563 1747 2603 37.
1797 2550 1960 2607 Magna

1142 2607 1244 2649 olim
1291 2606 1514 2664 disputatio
1551 2607 1739 2663 agitabat
1781 2607 1959 2665 philoso-

1143 2664 1262 2721 phos,
1281 2664 1450 2708 essentne
1481 2679 1530 2707 ex
1559 2665 1823 2708 conventione
1853 2681 1961 2723 qua-

1143 2722 1240 2764 dam
1259 2732 1300 2765 et
1327 2720 1578 2780 impolitione
1605 2721 1704 2764 data
1736 2723 1870 2780 prima
1889 2724 1960 2768 illa

1143 2781 1324 2832 nomina,
1343 2794 1395 2822 an
1415 2780 1468 2821 ab
1491 2779 1577 2838 ipsa
1602 2789 1765 2830 natura,
1783 2781 1847 2824 vel
1867 2783 1960 2825 Deo

1145 2838 1261 2890 adeo,
1292 2843 1414 2880 orta?
1443 2846 1510 2888 ut,
1542 2837 1617 2895 qui
1646 2839 1859 2881 nominum
1891 2855 1959 2883 ra-

1143 2895 1298 2940 tionem
1330 2904 1499 2946 teneret,
1532 2895 1637 2952 ipsas
1667 2909 1821 2948 rerum,
1851 2912 1958 2953 quas

1144 2963 1304 3005 notant,
1322 2964 1490 2996 naturas
1505 2952 1691 3010 ignorare
1715 2968 1796 2996 non
1817 2954 1956 3012 poss‘et.

1146 3012 1240 3054 Hoc
1255 3013 1298 3055 in
1315 3021 1536 3068 utramque
1554 3020 1709 3068 partem
1728 3011 1962 3069 disputatur

1146 3068 1189 3111 in
1221 3069 1406 3112 Platonis
1435 3069 1622 3126 Cratylo.
1674 3069 1767 3123 Jam
1796 3070 1961 3127 Hippo-

1146 3136 1278 3170 crates
1307 3127 1357 3169 de
1388 3135 1473 3169 arte
1507 3139 1549 3178 3,
1576 3141 1621 3179 4,
1651 3129 1700 3165 τὰ
1717 3126 1875 3177 ὀνόματα
1895 3129 1962 3179 φύ.

1145 3200 1220 3229 enoc
1235 3185 1520 3236 νομοθετήματα
1540 3198 1563 3225 a
1594 3182 1739 3241 pellatz
1761 3183 1868 3226 unde
1887 3198 1962 3243 ap·

1147 3246 1278 3296 paret,
1306 3237 1413 3280 nihil
1440 3199 1596 3283 novassii
1615 3241 1842 3291 Platonem,
1863 3255 1961 3285 cum

1147 3295 1363 3346 νομοθεσίαις
1395 3303 1435 3337 et
1468 3298 1648 3348 νομοθέτει
1666 3299 1707 3341 in
1740 3297 1818 3341 hoc
1837 3313 1962 3357 argu-

1150 3363 1288 3395 mento
1306 3353 1542 3396 nominibus
1554 3356 1696 3397 crebro
1708 3358 1841 3399 utitur
1855 3374 1867 3410 3
1888 3371 1962 3400 nec

1150 3407 1265 3453 fifisse
1297 3410 1411 3461 adeo,
1430 3411 1541 3466 quod
1569 3411 1799 3460 &quosne-tm
1818 3413 1961 3459 substi-

1150 3477 1263 3511 tuere
1282 3468 1401 3512 vellet
1421 3468 1589 3513 Ficinus
1608 3467 1834 3515 Marsilius.
