2320 4030
0 525 3 541 ·⁴
0 415 18 516 -waeaf
11 398 20 409 ,

615 367 896 425 ιΝεΤῙΤ.
930 366 1269 420 ORATOR.
1303 364 1442 415 Lm.
1475 326 1567 415 ix.
1598 382 1650 427 3.
1893 380 1987 434 107

179 517 239 558 11
266 502 526 568 Sthenelus
558 507 849 582 pugnandi.
918 503 1336 561 Transferuntur
1380 502 1545 583 etiam
1591 510 1850 583 tempora,
1897 505 1991 558 Ti-

262 581 536 640 marchides
559 591 713 651 negat
745 580 832 651 ff
865 578 908 632 ei
945 575 1219 650 periculum
1257 595 1289 626 a
1311 575 1504 646 secure.
1578 574 1806 627 Praeiens
1843 575 1991 629 enim

263 669 359 724 pro
381 651 651 723 praeterito
670 659 693 686 ¹
716 650 942 733 politum
968 649 1070 702 est:
1109 656 1202 701 et²
1225 645 1470 700 futurum
1495 662 1589 717 pro
1612 645 1876 716 praesenti,

408 747 521 801 Hoc
545 746 747 800 Ithacus
770 745 933 800 velit:

266 870 343 926 et,
367 876 435 914 ne
459 844 651 927 morer,
676 878 769 932 per
793 857 975 912 omnia
998 857 1057 912 fit
1079 875 1298 944 genera,
1325 871 1420 930 per
1443 876 1564 930 quae
1589 856 1650 913 fit
1666 856 1991 929 fhloecismus,

179 943 245 984 12
268 933 406 985 Haec
430 933 502 985 est
526 950 762 1004 quoque,
789 949 953 1014 quam
979 941 1002 966 ⁸
1020 934 1230 999 ἐτερωσιν
1249 931 1270 962 ²³
1294 941 1525 983 vocant:
1565 938 1732 983 eum·e
1770 929 1990 983 diffimi-

263 1002 333 1056 lis
358 1004 448 1070 est,
473 1004 700 1075 Zeugma
718 1003 741 1035 ἃ
763 1001 994 1056 dicitur:
1034 1011 1097 1054 ut
1118 1000 1260 1073 apud
1286 1000 1610 1067 Sallustium,
1637 999 1809 1083 IVeque
1833 1022 1891 1054 ea
1913 1020 1994 1054 res

245 1074 449 1148 saffram
488 1095 562 1128 me
603 1074 815 1128 habuit?
868 1084 944 1140 et,
990 1071 1165 1127 Ducie
1208 1072 1438 1145 probare.
1512 1073 1597 1124 Ex
1642 1073 1839 1144 quibus
1880 1071 1994 1127 fere

262 1158 454 1219 praeter
479 1145 770 1210 novitatem
794 1145 1024 1202 brevitas
1044 1143 1210 1201 vetiam
1233 1145 1346 1218 peti
1368 1143 1519 1197 solet.
1576 1143 1736 1196 Unde
1761 1145 1994 1216 eousque

197 1227 199 1229 ’
260 1217 552 1290 proceffum
579 1218 651 1270 est
671 1217 708 1283 f,
734 1227 796 1270 ut
832 1237 930 1270 non
959 1215 1282 1289 poeniturum,
1310 1232 1408 1287 pro
1446 1233 1554 1267 non
1593 1214 1778 1268 aetum
1814 1216 1991 1287 poeni-

265 1289 490 1342 tentiam
512 1310 525 1342 ε
581 1298 638 1341 et
680 1288 893 1370 visurae,
932 1287 1000 1341 ad
1049 1285 1341 1340 videndum
1391 1285 1568 1345 miffos
1613 1284 1756 1343 idem
1808 1286 1994 1341 auGtor

178 1373 242 1428 13
268 1359 479 1414 dixerit.
555 1360 697 1415 Quae
728 1359 820 1413 111e
850 1358 1069 1431 quidem
1107 1356 1294 1410 fecerit
1317 1357 1595 1431 schemata,
1621 1375 1688 1409 an
1728 1355 1873 1410 idem
1899 1378 1996 1411 vo-

267 1432 374 1486 cari
407 1430 615 1505 poffint,
640 1429 950 1496 videndum,
976 1429 1103 1502 quia
1137 1433 1355 1501 recepta
1391 1429 1507 1482 fint.
1581 1429 1745 1480 Nam*
1766 1430 1997 1501 receptis

267 1503 430 1558 etiam
455 1503 622 1576 vulgo
655 1502 867 1557 au&ore
892 1500 1135 1556 contenti
1158 1501 1358 1556 sumus.
1433 1502 1549 1556 Utg
1591 1517 1735 1554 nunc
1773 1500 1994 1567 evaluit,

326 1663 345 1685 ²¹
376 1659 511 1699 futuro
528 1658 646 1711 Basti.
666 1667 729 1711 ap.
748 1660 844 1698 Bur.
990 1664 1014 1687 2
1041 1657 1091 1696 Et
1109 1655 1299 1708 Virgilius
1315 1656 1411 1696 Hoc
1428 1657 1535 1697 Jens.
1563 1657 1614 1695 Et
1633 1657 1754 1695 status
1773 1655 1870 1698 Hoc
1888 1658 1938 1697 G.
1959 1666 1996 1696 er

270 1713 324 1761 G.
344 1726 384 1752 2.
414 1715 472 1752 Ut
488 1714 596 1764 Virg-
616 1713 710 1754 Hoc
727 1714 789 1752 Ba
822 1741 833 1752 .
942 1717 960 1736 ⁸
991 1721 1031 1752 et
1050 1712 1116 1766 irfi
1137 1713 1270 1764 Kapp.
1380 1711 1399 1741 δ
1426 1711 1617 1763 &spotmeri-a
1634 1712 1684 1750 G.
1702 1710 1796 1750 Αἶά.
1878 1717 1894 1735 ²
1928 1713 1997 1752 cui

269 1767 378 1807 Jenss
404 1768 471 1807 cui
490 1767 628 1807 fimilis
646 1769 702 1807 est
718 1768 757 1807 A
800 1795 811 1806 .
828 1774 864 1805 et
882 1766 986 1820 Bff
1096 1766 1114 1791 ‘¹
1147 1778 1245 1806 cum
1263 1765 1331 1819 ins.
1351 1766 1402 1805 G.
1424 1773 1460 1805 et
1477 1763 1582 1818 Baffi
1599 1773 1689 1804 tum
1710 1765 1777 1817 ins:
1795 1766 1902 1804 Jens.
1923 1774 1995 1816 pro

272 1822 469 1873 Zeugma,
489 1830 600 1861 amat
617 1823 730 1862 enim
749 1822 880 1872 Kapp.
902 1831 937 1859 et
955 1821 1007 1860 G.
1029 1834 1066 1861 2.
1096 1820 1254 1859 Zeuma
1269 1820 1376 1859 Jens.
1504 1825 1520 1844 ⁶
1552 1821 1678 1858 Ducit
1697 1819 1749 1857 G.
1886 1818 1903 1843 f
1929 1821 1998 1858 Sic

272 1877 326 1916 G.
341 1878 362 1915 J
368 1876 449 1916 ens.
468 1876 544 1916 effe
561 1875 615 1917 al.
742 1882 761 1907 Β
793 1875 944 1916 Utrum
959 1883 1103 1915 natura
1119 1874 1269 1914 ev'aluit
1286 1880 1349 1927 ag.'
1365 1874 1474 1915 Jens.
1499 1875 1660 1914 utinam
1676 1871 1788 1914 velut
1806 1873 1923 1914 rebus
1942 1875 1998 1924 G,

270 1931 406 1983 Kapp.

336 2070 408 2099 11.
437 2063 478 2098 et
491 2053 690 2111 futurum
708 2060 785 2112 pro
796 2052 1007 2112 prasenti]
1040 2053 1093 2096 In

271 2109 339 2161 his
368 2115 506 2159 verbis
526 2116 636 2165 AEn.
661 2129 704 2164 2,
730 2128 830 2166 104,
859 2113 947 2157 Hoc
975 2110 1093 2155 Itha-

271 2186 343 2217 cus
359 2171 483 2223 velit,
502 2170 692 2215 futurum
711 2185 787 2229 pro
811 2170 998 2230 praesenti
1018 2185 1091 2228 po·

273 2230 410 2282 litum,
441 2245 577 2281 nemo,
602 2239 720 2288 puto,
739 2230 883 2273 videt:
916 2239 957 2274 et
983 2229 1093 2272 dixit

271 2289 535 2406 ἓξὲξ.
546 2288 901 2404 ‘ittet-2233}
920 2287 1094 2403 3423

272 2417 398 2465 quam
414 2404 476 2450 ita
497 2413 666 2464 putare.
698 2404 929 2463 Adjungit,
960 2419 1094 2462 neque

274 2474 412 2514 tamen
452 2464 526 2507 has
564 2462 839 2523 Qinffiliani
885 2462 1088 2520 ineptia83

275 2522 343 2566 sed
379 2522 541 2580 aliquid
577 2519 780 2567 excidisse.
829 2520 888 2565 Et
921 2521 976 2565 est
1004 2520 1095 2565 sane

275 2579 356 2625 hoe
387 2581 611 2640 praesertim
643 2589 772 2638 caput
802 2580 945 2624 misere
975 2579 1097 2623 habi-

276 2647 387 2691 tum,
416 2639 553 2690 credo,
579 2651 626 2682 ea
652 2636 788 2689 causa,
809 2637 921 2696 quod
943 2636 1098 2681 traaa-

277 2707 371 2741 tum
406 2697 458 2745 de
490 2697 640 2756 figuris
667 2696 810 2761 passim
834 2695 956 2754 praele
1029 2705 1099 2741 ent

275 2755 480 2813 magistri,
517 2770 613 2813 quae
658 2755 913 2812 frequentius
979 2755 1099 2798 escri-

277 2813 403 2858 bendi
416 2826 580 2858 corrum
659 2813 785 2871 dique
795 2811 964 2857 occasio.
977 2813 1099 2857 Tum

278 2871 415 2916 multo
455 2870 585 2915 diffici
603 2873 669 2915 ius
713 2872 939 2916 retinentur
973 2873 1100 2916 verba

278 2929 522 2988 scriptorum
528 2959 542 2981 ‚
561 2945 656 2988 quae
675 2944 757 2973 non
775 2943 858 2973 una
877 2930 974 2973 serie
990 2927 1100 2974 inter

280 2988 321 3036 se
366 2996 548 3033 connexa
594 2987 909 3046 intelligentiam
951 2988 1099 3042 juvant

280 3056 445 3099 mutuo,
464 3047 722 3103 alterumque
749 3046 850 3089 adeo
879 3054 926 3089 ut
946 3047 988 3088 in
1007 3061 1098 3090 cra-

280 3104 413 3156 tibus,
441 3114 491 3149 ut
517 3106 562 3149 in
588 3103 834 3154 fornicibus,
863 3114 913 3148 ut
941 3104 983 3148 in
1011 3105 1100 3149 acie

280 3162 385 3214 bene
420 3162 621 3214 instituta,
654 3163 709 3205 ab
735 3162 870 3206 altero
898 3162 1096 3207 servatur.

282 3220 305 3264 1
337 3223 426 3266 itur
469 3220 816 3279 corruptiffimum
850 3220 929 3264 hoe
971 3231 1099 3280 caput

280 3236 371 3330 elgse,
390 3294 434 3323 m
559 3293 656 3323 cum
683 3278 864 3322 molestia
891 3278 1096 3337 intelligo.

282 3337 358 3380 Sed
380 3339 452 3395 qu·
504 3336 533 3381 fi
550 3337 619 3382 hie
637 3350 719 3380 non
747 3346 834 3381 tam
859 3345 1100 3381 truncatum

281 3394 460 3452 aliquid,
479 3409 608 3452 quam
642 3393 859 3438 infititium
882 3395 958 3439 ess'e
979 3395 1098 3439 dica-

279 3467 408 3507 mu83
451 3467 597 3512 nempe
631 3452 758 3496 verba
779 3452 980 3510 futurum
1020 3459 1099 3510 pro

272 3510 476 3570 presenti,
496 3526 590 3568 quae
619 3509 747 3554 abeffe
767 3511 810 3554 in
838 3511 958 3555 bonis
977 3510 1097 3554 libris

280 3569 398 3626 supra
416 3569 681 3615 ostendimus.
725 3569 769 3612 Si
796 3567 940 3620 adfint,
958 3578 1099 3612 monet

281 3624 558 3680 Werlhofius,
577 3626 663 3686 post
681 3625 819 3672 locum
837 3626 1010 3687 Virgilii
1025 3627 1099 3672 de-

1173 2064 1293 2096 mum
1327 2053 1542 2111 ponendax
1591 2067 1676 2110 qua
1711 2052 1871 2095 ratione
1909 2052 1996 2097 Hoc

1174 2111 1339 2155 Ithacus
1366 2111 1476 2155 velit
1502 2112 1735 2169 exemplum
1754 2110 1800 2153 fit
1821 2113 1995 2168 praesen-

1175 2169 1374 2271 ῐίεὶῖοίίῒὶ
1406 2186 1482 2228 pro
1507 2168 1719 2230 praeterito
1738 2167 1994 2228 imperfe8w,

1173 2242 1234 2273 ‘ve
1286 2237 1319 2272 ta

1237 2300 1309 2330 12.
1358 2287 1458 2331 Haec
1497 2287 1550 2346 est
1594 2276 1766 2344 quoque]
1813 2283 1998 2340 Ἐτὲρωσιν

1173 2344 1304 2403 vulgo
1319 2356 1485 2396 vocant,
1501 2361 1597 2389 cum
1613 2354 1778 2402 tempus
1799 2357 1873 2402 pro
1890 2353 1997 2412 tem-

1174 2418 1288 2462 pore,
1306 2418 1502 2447 numerus
1525 2416 1790 2462 pronumero
1806 2412 1996 2460 ponitur.

1175 2463 1328 2520 Itaque
1356 2462 1434 2504 hoc
1460 2476 1623 2505 comma
1648 2459 1780 2504 refero
1807 2461 1861 2504 ad
1888 2476 1998 2520 prae·

1175 2521 1376 2564 cedentia.
1422 2521 1501 2564 Sed
1519 2520 1623 2579 quid
1641 2518 1717 2562 fibi
1733 2519 1879 2571 velint,
1899 2534 1996 2577 quae

1170 2579 1259 2632 jam
1287 2579 1530 2636 sequuntur,
1559 2593 1643 2621 non
1674 2577 1902 2636 intelligere
1929 2592 1997 2622 me

1175 2635 1324 2680 fateor.
1374 2636 1633 2680 werlhofius
1661 2651 1779 2679 meus
1811 2638 1914 2695 legit
1945 2652 1998 2681 ex

1177 2694 1302 2740 Bam.
1345 2695 1424 2739 Cui
1438 2694 1582 2752 fimilis
1613 2695 1666 2753 est
1691 2695 1887 2753 Zeugma,
1905 2709 1997 2738 cum

1177 2753 1343 2806 dicitur,
1363 2762 1410 2797 ut
1427 2755 1540 2812 apud
1572 2753 1820 2810 Sallustium,
1851 2754 1999 2811 Neque

1178 2826 1227 2855 ea
1258 2824 1323 2857 nes
1351 2813 1433 2856 διε.
1463 2815 1602 2856 Locus
1623 2810 1800 2855 Sallustii
1819 2811 1874 2855 est
1891 2813 1996 2870 Jug.

1183 2885 1255 2914 10.
1307 2871 1385 2915 Sed
1412 2871 1561 2922 nescio,
1591 2885 1642 2914 ne
1672 2870 1724 2913 de
1754 2870 2000 2915 austoritate

1178 2927 1382 2973 libroruin
1397 2929 1553 2980 dicam,
1568 2943 1618 2973 an
1639 2931 1731 2972 Zeu
1807 2942 1831 2971 a
1849 2930 1910 2973 ita
1926 2944 1999 2972 ac-

1178 2989 1351 3093 33?ss
1363 2986 1998 3104 ”issssiss‘assssefldgffuss‘tffii'sssss

1178 3102 1323 3149 habuit
1357 3062 1434 3164 ἔω
1459 3100 1644 3161 ῥριιῑι,
1695 3074 1827 3160 nequ'e
1858 3105 1997 3156 video,

1209 3176 1267 3206 ua
1283 3162 1329 3207 in
1353 3177 1395 3206 re
1423 3163 1604 3220 Zeugma
1635 3162 1714 3205 hoc
1743 3160 1907 3217 beteroſs
1928 3163 1995 3206 vel

1206 3219 1300 3263 mile
1324 3221 1488 3263 dicatur
1514 3220 1580 3263 vel
1608 3218 1800 3272 deffmile.
1849 3218 1998 3264 Brevi-

1179 3286 1258 3329 ter,
1276 3278 1382 3323 nihil
1399 3279 1465 3322 hic
1486 3279 1624 3330 video,
1644 3276 1803 3320 Bonam
1832 3279 1996 3336 copiam

1179 3336 1309 3390 eiuro.
1357 3338 1475 3398 Qin
1497 3336 1559 3379 ita
1577 3335 1680 3379 mihi
1701 3334 1890 3380 Suffenus
1908 3337 1998 3379 sum

1180 3394 1224 3437 in
1256 3395 1332 3438 hac
1374 3395 1625 3454 ignorantia,
1658 3403 1706 3436 ut
1743 3393 1876 3451 ipsum
1915 3395 1998 3438 Fa·

1178 3453 1315 3504 bium,
1352 3452 1382 3497 fi
1427 3453 1583 3503 videat,
1624 3465 1705 3494 non
1756 3453 1996 3509 agniturum

1177 3519 1340 3569 putem,
1377 3512 1484 3569 quid
1528 3509 1605 3555 fibi
1641 3508 1701 3555 sui
1740 3520 1998 3571 conuptores

1178 3569 1400 3615 voluerint.
