2320 4030
277 351 374 400 294
656 330 733 378 M.
769 327 976 376 FABH
1017 326 1587 376 QUINCTILIANI

256 467 558 521 dederunt:
598 465 751 537 supra
783 462 1006 516 modum
1042 480 1103 516 ac
1129 480 1266 533 pene
1289 471 1532 514 naturam
1559 460 1703 512 vocis
1737 459 1986 514 humanae

264 538 484 595 acerba:
530 536 666 606 Quin
690 547 845 607 compe
867 534 974 586 citis
1009 553 1171 586 vocem
1207 532 1361 604 ssam,
1388 532 1594 584 indicem
1610 529 1866 603 stultitiae,
1892 534 1986 654 taff,

261 620 361 675 tem
380 606 647 680 paucitatis
667 608 696 658 '?
734 607 802 658 Se
863 604 941 669 id,
965 603 1109 674 quod
1133 603 1385 656 excedere
1410 602 1631 654 modum
1659 602 1787 666 dixi,
1816 603 1870 654 in
1896 602 1914 653 i
1935 602 1988 657 la

259 690 415 754 parte
445 677 621 750 'prima
653 677 742 741 est,
776 675 914 745 Quin
950 687 1105 746 compe
1129 673 1253 726 citis,
1327 673 1604 744 EpiloguS,
1638 673 1671 724 fi
1710 691 1986 725 enumera·
2009 694 2081 734 170

265 739 470 805 tionem
518 766 696 802 rerum
744 747 910 801 habet
926 754 964 810 ⁸,
1015 744 1082 796 de
1100 744 1269 796 iderat
1314 745 1598 815 quamdam
1651 743 1990 798 concisorum

266 820 724 884 continuationem
747 837 763 881 3
797 815 839 867 fi
857 825 870 850 t
896 815 965 868 ad
990 814 1335 867 concitandos
1351 814 1563 886 judices
1588 814 1660 867 est
1682 832 1988 868 accommo-

266 892 444 956 datus,
471 888 671 961 aliquid
695 886 769 940 'ex
795 885 877 951 iis,
905 904 1027 957 quae
1061 885 1212 956 supra
1243 886 1354 938 dixi
1373 905 1391 950 ;
1432 885 1465 936 fi
1502 885 1805 955 placandOS,
1833 885 1990 939 incli-

265 972 444 1015 natam
484 957 773 1032 quamdam
811 956 1126 1020 lenitatem3
1180 956 1214 1007 fi
1254 955 1605 1008 misericordia
1645 974 1990 1008 commoven-

266 1033 385 1098 dos,
419 1032 617 1086 flexum
657 1028 821 1092 vociS‚
860 1037 916 1080 et
950 1026 1181 1080 flebilem
1221 1026 1550 1093 suavitatem,
1589 1045 1694 1097 qua
1729 1027 1992 1098 praecipue

267 1103 588 1175 franguntur
625 1097 810 1163 animi,
892 1117 1080 1169 uaeque
1123 1098 1195 1149 est
1232 1098 1463 1150 maxime
1501 1097 1772 1150 naturalis,
1843 1099 1992 1156 Nam
2074 1124 2085 1129 ·

267 1173 429 1227 etiam
473 1173 632 1225 orbos
674 1118 959 1223 vidua19ue
1005 1167 1182 1221 videas
1225 1170 1281 1221 in
1319 1169 1435 1239 ipfis
1478 1167 1756 1222 funeribus
1797 1163 1992 1225 canoro

266 1243 502 1316 quodam
542 1240 706 1295 modo
740 1258 865 1311 proc
885 1243 1144 1301 amantes.
1218 1239 1328 1292 Hic
1365 1240 1525 1292 etiam
1559 1238 1701 1292 fusca
1738 1238 1829 1295 illa
1869 1253 1990 1306 vox,
2013 1261 2079 1300 171

267 1315 483 1386 qualem
509 1313 699 1367 Cicero
722 1310 871 1364 fuiffe
897 1310 951 1362 in
977 1310 1218 1363 Antonio
1244 1310 1393 1376 dicit,
1421 1310 1553 1366 mire
1588 1309 1717 1374 facit
1734 1319 1755 1343 ¹¹
1776 1331 1789 1363 ε
1829 1309 1994 1365 habet

269 1385 496 1439 enimin
529 1385 601 1450 se,
626 1382 772 1454 quod
796 1381 1071 1435 imitemur
1094 1392 1136 1434 Χ.
1209 1381 1423 1452 Duplex
1458 1382 1530 1433 est
1566 1392 1743 1434 tamen
1781 1381 1992 1436 misera-

267 1457 348 1509 'tio
372 1477 385 1509 z
425 1456 590 1509 altera
613 1473 739 1507 cum
766 1452 984 1517 invidia,
1012 1452 1182 1522 qualis
1207 1453 1370 1505 modo
1395 1451 1536 1517 dicta
1561 1452 1627 1506 de
1655 1452 1994 1512 damnatione

265 1526 603 1595 Philodami:
659 1524 822 1577 altera
862 1542 987 1576 cum
1027 1522 1395 1595 deprecatione
1433 1524 1713 1576 demifiior.
1789 1525 1990 1589 Quare,
2015 1545 2085 1586 172

268 1597 469 1652 etiamsi
507 1598 576 1650 est
611 1595 669 1648 in
705 1593 812 1647 illis
847 1611 1060 1666 quoque
1091 1605 1278 1648 cantus
1316 1595 1600 1660 obscurior,
1630 1595 1692 1647 In
1715 1605 1842 1648 coetu
1876 1615 1995 1653 veto

266 1668 439 1741 populi
475 1667 685 1720 Romani
705 1685 721 1730 3
762 1684 869 1718 non
913 1664 1058 1718 enim
1097 1664 1213 1719 haec
1248 1665 1468 1719 rixantis
1507 1666 1669 1718 modo
1706 1666 1878 1725 dixit:
1913 1675 1994 1733 ot,

275 1739 387 1804 Vos,
422 1738 617 1791 Albani
653 1736 831 1790 tumuli
850 1757 866 1803 3
908 1753 1083 1807 neque
1120 1737 1282 1801 enim,
1321 1737 1457 1808 quafi
1496 1737 1803 1801 inclamaret
1821 1747 1866 1803 ²,
1900 1743 1998 1794 aut

270 1811 545 1864 testaretur
564 1819 602 1872 ἃ,
629 1807 842 1861 locutus
879 1807 952 1859 est
975 1828 987 1858 ε
1028 1817 1202 1860 tamen
1229 1808 1437 1861 infinito
1462 1808 1635 1879 magis
1658 1807 1750 1863 illa
1782 1809 1920 1865 flexa
1936 1818 1999 1861 et

271 1880 682 1933 circumdu&ab
718 1877 893 1942 suntC,
921 1878 1016 1930 Me
1050 1879 1294 1950 misarum,
1320 1899 1394 1931 me
1428 1879 1670 1951 infelicem
1690 1901 1707 1931 .-
1744 1889 1816 1945 et,
1860 1879 2002 1951 Quid

270 1951 559 2032 raspondebo
597 1948 765 2002 liberis
801 1948 915 2001 meis
935 1950 967 2000 ἓ
1003 1958 1076 2015 et,
1106 1951 1354 2004 Revocare
1379 1960 1432 2003 tu
1463 1971 1536 2002 me
1573 1951 1626 2003 in
1654 1951 1875 2023 patriam
1903 1962 1997 2024 po-

274 2021 426 2095 tussi,
454 2021 608 2086 Milo,
626 2033 719 2093 per
743 2021 826 2073 hos
846 2040 863 2085 3
902 2040 987 2091 ego
1015 2030 1060 2071 te
1085 2021 1138 2073 in
1165 2022 1330 2077 eadem
1360 2022 1534 2092 patria
1561 2035 1651 2094 per
1674 2021 1998 2092 eqfilcmreti-

272 2114 387 2147 nere
410 2101 505 2146 no‘n
563 2101 687 2145 otero
707 2093 739 2143 ἒ
770 2093 854 2150 Et
871 2109 995 2143 cum
1019 2091 1161 2144 bona
1186 2093 1252 2144 C.
1282 2093 1482 2146 Rabirii
1507 2111 1616 2145 uno
1652 2092 1997 2151 sestertionadr-

274 2163 407 2217 dicit
424 2170 467 2230 d,
499 2104 559 2217 ὅ
568 2183 722 2216 meum
749 2161 970 2234 miserum
995 2163 1318 2235 acerbumque
1348 2163 1662 2234 praeconium.
1738 2163 1838 2217 Illa
1860 2183 1993 2238 quo·
2021 2181 2090 2225 173

315 2253 381 2287 ue
421 2234 553 2287 mire
589 2233 716 2287 facit
754 2233 808 2285 in
835 2231 1178 2303 peroratione
1217 2234 1363 2287 velut
1394 2234 1689 2299 deficientis
1726 2234 1908 2298 dolore
1945 2246 2003 2289 et

333 2305 592 2376 tigatione
617 2303 895 2358 conseffio:
936 2315 996 2356 ut
1019 2322 1115 2374 pro
1139 2304 1325 2357 eodem
1353 2306 1580 2372 Milone,
1611 2306 1712 2358 Sed
1723 2306 1883 2379 efinis
1925 2317 2000 2360 at.-

277 2376 581 2449 nequeenz'm
611 2389 728 2449 prae
763 2374 982 2427 lacrimis
1001 2377 1118 2447 jam
1159 2375 1290 2448 loqui
1318 2377 1523 2449 pffcm.
1599 2377 1741 2441 Quae
1766 2377 1890 2438 fimi
1911 2396 2000 2431 em

275 2447 452 2500 verbis
476 2447 672 2499 habere
695 2445 1075 2516 debent-etiam
1100 2447 1602 2517 pronuntiationem.
1677 2449 1889 2502 Possunt
1919 2448 2000 2507 vi,-
2023 2461 2097 2508 ¹74

280 2517 393 2571 deri
428 2517 530 2570 alia
565 2535 779 2590 quoque
815 2515 974 2588 hujus
1010 2519 1174 2589 partis
1211 2528 1372 2589 atque
1414 2519 1592 2585 officii,
1629 2540 1728 2573 reos
1769 2520 2003 2587 excitare,

338 2679 352 2698 δ
385 2687 453 2711 om.
475 2673 525 2711 G.
544 2673 650 2711 Jens.
761 2672 774 2695 ²
806 2672 868 2710 sed
888 2673 992 2711 Jens.
1104 2678 1123 2697 ¹¹
1157 2674 1274 2713 faciet
1293 2675 1344 2714 G.
1363 2675 1469 2714 Jens.
1596 2681 1614 2702 ¹
1646 2678 1815 2721 miratur
1832 2677 1884 2716 G.
1912 2676 2005 2721 imi-

283 2735 418 2766 tamur
434 2726 540 2766 Jens.
649 2732 671 2753 z
699 2725 908 2765 inclinaret
929 2727 981 2765 G.
1090 2732 1107 2751 ²
1140 2728 1390 2768 detestaretur
1410 2731 1461 2767 G.
1478 2730 1584 2769 Jens.
1706 2730 1724 2756 b
1756 2731 2006 2778 circumdata

283 2781 389 2820 Jens.
499 2785 518 2821 ξ
550 2793 619 2818 om.
639 2779 690 2817 G.
710 2780 816 2819 Jens.
923 2780 940 2804 ‘¹
971 2779 1109 2829 adjicit
1125 2782 1231 2822 Jens.
1339 2791 1354 2807 ⁹
1388 2784 1427 2822 Si
1448 2783 1500 2823 id.

285 2916 466 2974 appellat
486 2915 800 2965 Tumebianus,
819 2914 949 2957 nescio
978 2916 1102 2958 unde.
1186 2919 1235 2961 In
1254 2928 1373 2968 coetu,
1395 2931 1433 2961 et
1455 2921 1544 2969 Vos,
1566 2919 1716 2964 Albani
1733 2921 1764 2963 s.
1791 2922 1889 2972 167.
1930 2920 2005 2966 Me

287 2976 427 3016 Verba
459 2974 670 3016 Ciceronis
702 2973 752 3015 ad
785 2973 1104 3016 tumultuantem
1187 2976 1371 3033 misbrum
1402 2992 1474 3033 pro
1502 2978 1656 3022 Milon.
1683 2993 1752 3032 37.
1812 2978 1929 3022 Bana
1952 2979 2002 3022 C.

288 3044 328 3074 et
349 3031 661 3074 succlamantem
679 3029 751 3072 fibi
771 3030 930 3088 plebem
947 3031 1036 3074 sunt
1057 3048 1107 3075 ex
1189 3033 1351 3077 Rabirii
1382 3038 1503 3077 Orat.
1526 3050 1599 3092 pro
1634 3035 1705 3078 illo
1735 3035 2003 3094 (posthumo)

289 3093 411 3131 Orat.
435 3104 508 3147 pro
527 3089 678 3131 Rabir.
701 3089 905 3130 Perduell.
930 3105 968 3131 c.
995 3093 1036 3139 6,
1066 3099 1106 3132 et
1190 3107 1229 3133 c.
1276 3108 1344 3143 17,
1385 3094 1459 3135 ubi
1498 3107 1579 3135 non
1615 3108 1692 3136 uno
1720 3091 1900 3153 sestertio
1937 3093 2005 3139 sed

290 3149 350 3190 ita
380 3148 499 3190 hodie
528 3147 738 3203 leguntur,
769 3146 880 3203 Qin
906 3146 1110 3191 continetis
1188 3164 1346 3192 nummo
1375 3151 1554 3207 legitur:
1601 3151 1728 3208 potest
1761 3152 1920 3195 Fabius
1954 3166 2006 3195 ex

291 3219 448 3256 vocem,
468 3199 834 3269 indicfmstultitiae
851 3204 1013 3262 vestrae,
1032 3201 1108 3264 tes-
1191 3209 1387 3251 memoria
1432 3209 1566 3252 citasse
1612 3208 1765 3256 locum.
1830 3210 2004 3255 Interim

291 3272 371 3306 tem
383 3270 621 3326 paucthtzs.
690 3318 697 3326 “
725 3317 733 3326 .
1190 3265 1297 3307 bona
1328 3266 1381 3308 est
1412 3267 1684 3310 Tun-nebiana
1720 3267 1947 3311 observatio
1979 3282 2005 3310 a

358 3336 457 3373 171.
490 3321 624 3363 Czcero
654 3319 771 3372 dzczt]
819 3320 870 3361 In
902 3319 1034 3362 Bruto
1068 3335 1105 3363 c.
1189 3323 1428 3367 Burmanno
1465 3326 1586 3368 ctiam
1629 3327 1819 3381 probata,
1853 3323 2007 3370 nummi

300 3383 370 3432 38,
390 3379 438 3421 In
458 3376 623 3420 Antonio
643 3390 736 3419 vox
748 3384 1008 3434 permanens,
1028 3392 1108 3420 ve-
1189 3379 1330 3424 {rocem
1362 3383 1482 3427 solere
1514 3383 1554 3424 in
1595 3383 1667 3426 tali
1705 3398 1747 3427 re
1784 3382 1922 3438 adjici,
1955 3396 2007 3434 nc

294 3450 386 3502 rqm
402 3435 623 3500 fitbsaucfz·
644 3443 799 3478 natura
815 3452 827 3476 ··
847 3435 926 3492 sed
950 3433 1019 3477 hoc
1035 3435 1110 3478 vi·
1191 3453 1270 3480 non
1290 3440 1495 3498 ftstertius
1529 3440 1797 3500 intelligatur,
1831 3440 1898 3486 sed
1919 3440 2005 3502 fis·

296 3502 396 3536 itum
414 3492 504 3535 huzc
522 3507 590 3535 unt
609 3506 650 3534 m
669 3491 808 3534 bonum
827 3491 1108 3537 convertebat.
1190 3496 1368 3542 tertium,

296 3551 361 3595 De
394 3550 653 3595 damnatione
685 3549 909 3594 Philodami
942 3550 973 3594 s.
1011 3554 1108 3596 162.
