2320 4030
367 278 481 383 ἕω
750 305 826 367 M.
862 309 1065 368 FABn
1108 314 1676 368 QUINCTILIANI

375 448 494 509 jam
533 446 638 508 hoe
678 453 798 526 quis
836 471 941 506 non
983 453 1144 518 videt,
1180 452 1465 506 maximam
1504 464 1704 525 partem
1741 454 1994 511 orationis
2030 456 2088 513 in

375 528 601 579 tractatu
639 526 779 596 aequi
813 525 1046 596 bonique
1082 524 1386 576 consistere?
1431 525 1663 578 Dicetne
1689 525 1755 578 de
1790 527 1874 579 his
1899 529 2090 583 secun--

372 596 502 649 dum
547 597 781 650 debitam
819 614 994 648 rerum
1036 594 1354 666 dignitatem
1400 595 1567 647 malus
1615 606 1776 668 atque
1819 597 2080 670 iniquus?

371 669 642 738 Denique,
675 677 737 719 ut
772 667 1054 718 maximam
1100 677 1301 736 partem
1344 666 1639 738 quaestionis
1676 667 1905 721 eximam
1920 670 1963 736 5¹,
1987 670 2080 724 d'e-
2105 688 2143 743 9

371 756 490 791 mus
514 738 588 803 id,
616 738 761 810 quod
786 737 936 789 nullo
960 736 1121 788 modo
1145 736 1256 789 fieri
1284 737 1466 807 potest,
1491 737 1633 790 idem
1658 738 1880 808 ingenii,
1907 740 2081 807 studii,

370 809 646 872 doctrinae,
671 808 884 878 peffimo
916 819 1078 877 atque
1101 807 1305 878 optimo
1327 807 1471 860 viro:
1513 819 1631 861 uter
1666 810 1855 862 melior
1879 810 2085 865 dicetur

367 882 578 932 orator?
619 879 887 932 Nimirum
915 878 1008 949 qui
1043 878 1209 931 homo
1235 896 1450 950 quoque
1486 879 1689 931 melior.
1746 881 1889 933 ‘Non
1916 882 2084 954 igitur

367 968 622 1022 umquam
664 949 835 1001 malus
871 948 1014 1001 idem
1055 948 1242 1012 hom0,
1285 958 1341 1000 et
1377 947 1641 1019 perfectus
1682 962 1874 1004 orator.
1950 955 2079 1008 Non
2106 970 2177 1008 10

366 1021 511 1072 enim
536 1020 846 1092 perfectum
889 1019 998 1071 este
1041 1018 1352 1090 quidquam,
1399 1038 1508 1090 quo
1558 1021 1752 1073 melius
1802 1023 1871 1074 est
1913 1025 2077 1078 aliud.

312 1099 314 1102 ’
367 1091 491 1155 Sed,
542 1110 609 1144 ne
655 1109 802 1143 more
850 1090 1239 1145 Socraticorum
1285 1090 1548 1142 nobismet
1596 1091 1684 1162 ipfi
1713 1092 1731 1122 f
1778 1094 2080 1165 responsum

365 1162 561 1214 finxiffe
583 1162 873 1226 videamur,
899 1160 958 1212 fit
995 1160 1184 1232 aliquis
1217 1159 1351 1214 adeo
1390 1173 1572 1213 contra
1604 1162 1879 1216 veritatem
1916 1167 2078 1219 obsti-

362 1245 541 1298 natuS,
577 1243 638 1285 ut
674 1233 863 1284 audeat
897 1231 1092 1294 dicere,
1126 1231 1311 1284 eodem
1351 1231 1588 1303 ingenio,
1618 1233 1803 1298 studio,
1839 1235 2079 1291 doctrina

357 1303 662 1376 praeditum,
703 1303 874 1355 nihilo
919 1302 1232 1355 deteriorem
1280 1301 1517 1355 futurum
1565 1316 1824 1357 oratorem
1874 1307 2076 1362 malum

359 1376 549 1442 virum,
572 1385 731 1445 quam
757 1375 978 1427 bonum.
1053 1373 1446 1426 Convincamus
1469 1371 1627 1445 hujus
1652 1394 1865 1447 quoque
1882 1396 2074 1442 tamen-V-

358 1447 510 1499 tiam.
583 1448 726 1498 Nam
763 1445 866 1497 hoc
894 1455 1035 1497 certe
1072 1462 1229 1496 nemo
1261 1443 1547 1510 dubitabit,
1573 1464 1788 1498 omnem
1815 1459 2073 1504 oratorem
2099 1464 2159 1504 11

356 1516 412 1570 id
440 1535 615 1590 agere,
642 1526 702 1569 ut
727 1514 919 1586 judici,
944 1534 1064 1585 quae
1089 1516 1346 1586 proposita
1375 1514 1592 1581 fuerint,
1620 1535 1740 1570 vera
1772 1527 1827 1570 et
1861 1518 2075 1575 honesta

353 1588 650 1640 videantur.
732 1589 922 1639 Utrum
958 1586 1124 1657 igitur
1158 1586 1264 1639 hoc
1299 1585 1508 1639 facilius
1540 1587 1713 1641 bonus
1749 1589 1828 1640 vir
1861 1592 2071 1660 persua-

355 1659 526 1724 debit,
553 1677 618 1711 an
645 1658 855 1711 malus?
895 1658 1078 1710 Bonus
1103 1656 1321 1728 quidem
1346 1667 1402 1709 et
1426 1658 1569 1710 dicet
1586 1670 1607 1701 8
1633 1659 1820 1731 saepius
1844 1679 1965 1714 vera
1987 1675 2070 1716 at-

354 1749 460 1801 que
496 1730 726 1782 honesta.
802 1727 906 1781 Sed
941 1728 1098 1780 etiam
1138 1728 1172 1779 fi
1211 1728 1424 1798 quando
1446 1728 1635 1800 ‘aliquo
1669 1730 1862 1784 ductus
1894 1732 2070 1788 officio
2091 1746 2163 1792 12

360 1800 528 1871 (quod
565 1800 821 1864 accidere,
848 1809 910 1852 ut
946 1817 1071 1852 mox
1096 1798 1430 1863 docebimu5‚
1457 1801 1641 1871 potest)
1672 1801 1806 1854 falso*
1836 1802 1956 1857 hae'c'
1991 1806 2072 1859 af-

353 1872 558 1923 firmare
595 1870 890 1934 conabitur,
928 1870 1125 1941 majore
1167 1888 1290 1922 cum
1331 1870 1432 1922 fide
1471 1871 1670 1925 necesse
1702 1873 1774 1925 est
1803 1875 2067 1933 audiatur.

351 1943 430 1994 At
454 1941 604 1994 malis
629 1941 939 1994 hominibus
962 1955 1027 1993 ex
1053 1951 1330 2000 contemtu
1349 1940 1378 1994 ¹¹.
1413 1941 1696 2012 opinionis,
1724 1953 1780 1997 et
1812 1945 2066 2017 ignorati..

348 2014 426 2079 tia
449 2013 597 2079 recti,
624 2030 1023 2083 nonnumquam
1049 2010 1246 2064 excidit
1281 2011 1411 2084 ipsai
1449 2013 1725 2067 fimulatio.
1801 2018 1934 2070 Inde
1962 2018 2066 2073 im·
2091 2023 2156 2091 1'3

349 2084 580 2151 modeste
621 2094 938 2156 proponunt,
982 2083 1086 2135 fine
1125 2083 1327 2154 pudore
1370 2082 1648 2137 affirmant.
1723 2086 1976 2159 Sequitur
2009 2093 2067 2144 in

287 2214 290 2217 ,
346 2153 433 2219 iis,
460 2175 581 2228 quae
606 2166 809 2208 certum
837 2155 906 2206 est
930 2154 1064 2206 effici
1089 2173 1194 2207 non
1219 2154 1377 2225 poffe,
1405 2154 1656 2208 deformis
1678 2157 1984 2228 pertinacia,
2010 2173 2067 2228 et

345 2226 526 2280 irritus
565 2225 733 2279 labor.
806 2226 948 2278 Nam
990 2225 1119 2279 ficut
1151 2225 1205 2277 in
1243 2225 1369 2292 vita,
1402 2225 1478 2278 ita
1511 2226 1567 2279 in
1609 2229 1789 2282 cauffis
1827 2233 2065 2313 quoque,

346 2299 461 2368 spes
509 2297 774 2368 improbas
814 2296 1014 2349 habent
1040 2297 1074 2349 ¹.
1148 2297 1472 2367 Frequenter
1517 2307 1695 2351 autem
1743 2303 1958 2370 accidit,
2001 2316 2066 2360 ut

345 2368 432 2422 his
456 2369 614 2422 etiam
641 2386 762 2421 vera
785 2367 1089 2420 dicentibus
1114 2366 1241 2420 fides
1266 2367 1413 2434 defit,
1441 2367 1784 2442 videaturque
1819 2373 1940 2427 talis
1965 2375 2063 2430 ad-

344 2450 582 2505 vocatus,
618 2439 776 2492 malae
813 2438 999 2500 cauffae
1034 2449 1411 2510 argumentum
1434 2449 1488 2491 ¹¹¹.
1561 2441 1728 2495 Nunc
1767 2442 1836 2497 de
1872 2445 1939 2498 iis
1974 2447 2059 2501 di-
2085 2460 2155 2517 14

345 2510 577 2564 cendum
615 2511 704 2576 est,
732 2529 854 2581 quae
887 2508 1020 2562 mihi
1052 2511 1192 2580 quafi
1229 2509 1609 2582 conspiratione
1644 2514 1872 2585 quadam
1911 2513 2062 2593 vulgi

343 2581 619 2634 reclamari
665 2581 926 2634 videntur.
1004 2580 1188 2634 Orator
1226 2601 1338 2652 ergo
1384 2581 1719 2653 Demosthenes
1764 2607 1861 2639 non
1904 2586 2010 2655 fuit
2029 2587 2064 2644 θ’

342 2651 490 2724 atqui
516 2651 718 2705 malum
743 2651 913 2705 virum
938 2651 1258 2723 accepimuS.
1332 2652 1451 2705 Non
1479 2654 1640 2708 Cicero
1657 2658 1688 2708 ἐ)
1721 2657 1869 2730 atqui
1889 2647 2059 2734 ¹hujus

343 2741 557 2795 quoque
581 2741 753 2776 mores
780 2722 932 2775 multi
955 2723 1424 2794 reprehenderunt.
1499 2725 1652 2778 Quid
1676 2745 1830 2799 agam
1852 2731 1870 2782 ?
1899 2747 2056 2805 mag..

343 2813 413 2847 na
453 2793 673 2865 responsi
714 2793 914 2847 invidia
947 2792 1221 2849 subeunda
1257 2795 1348 2862 est,
1392 2793 1703 2868 mitigandae
1745 2799 1867 2855 sunt
1907 2804 2055 2875 prius

397 2990 417 3018 ‘¹
447 2988 642 3032 eximiam
656 2992 763 3032 Jens.
871 2995 888 3017 e
919 3006 986 3032 om.
1007 2993 1059 3031 G.
1180 2989 1199 3016 f
1224 2993 1315 3045 ipfis
1330 2993 1437 3033 Jens.
1564 2999 1583 3024 Β
1612 2995 1711 3035 dicit
1729 2998 1780 3037 G.
1903 3000 1925 3026 ¹¹
1955 3011 2054 3043 con-

338 3054 459 3099 ceptu
475 3047 580 3086 Jenf.
688 3047 698 3071 ¹
730 3045 799 3085 illa
817 3045 869 3085 G.
977 3046 988 3070 ¹
1019 3046 1141 3086 habet
1163 3046 1215 3087 G.
1322 3052 1355 3072 ¹¹²
1386 3056 1653 3099 augmentum
1669 3052 1776 3091 Jens.

398 3220 469 3249 10.
520 3219 629 3248 more
676 3205 989 3259 Socraticorum]
1040 3207 1151 3248 Cum
1232 3220 1300 3249 eas
1318 3207 1408 3250 dari
1427 3207 1690 3266 responfiones
1707 3212 1936 3264 auditori,e
1953 3214 2047 3272 qui-

336 3264 445 3307 enim
466 3273 553 3306 tota
581 3263 762 3314 illotum,
782 3279 925 3321 nempe
947 3263 1151 3316 Platonis,
1233 3265 1313 3307 bus
1346 3266 1482 3323 laquei
1514 3268 1659 3310 deinde
1692 3270 1744 3312 ad
1779 3271 1911 3328 ipsum
1948 3275 2046 3317 irre-

338 3321 572 3372 AEschinis,
634 3322 918 3379 Xenophontis
976 3321 1152 3378 philoso-
1230 3322 1413 3366 tiendum
1433 3327 1621 3383 componi
1642 3327 1802 3384 poffint.
2043 3367 2046 3373 .

335 3380 490 3437 phandi
523 3379 802 3436 scribendique
839 3380 946 3422 ratio
979 3379 1070 3422 insit
1107 3380 1150 3423 in
1293 3397 1362 3424 12.
1392 3397 1447 3425 ex
1475 3391 1669 3426 contemtu
1691 3385 1902 3442 opinionis]
1933 3388 2047 3448 Qia

333 3437 529 3494 dialogi8‚
550 3438 593 3479 in
626 3438 779 3494 quibus
814 3438 980 3480 auditor
999 3452 1023 3479 a
1051 3438 1150 3481 doc·
1230 3452 1376 3497 parum
1406 3441 1516 3498 penfi
1546 3441 1712 3494 habent,
1733 3446 1835 3501 quid
1869 3446 1941 3491 alii
1971 3449 2045 3490 ho-

332 3504 421 3538 ποτε
451 3494 666 3551 paullatim
696 3496 1015 3538 circumvenitur
1067 3496 1151 3539 uafi
1230 3497 1361 3542 mines
1380 3498 1431 3543 de
1450 3499 1487 3542 se
1505 3498 1747 3545 existiment.

333 3562 375 3597 et
407 3553 611 3611 redigitur
643 3553 694 3596 ad
722 3554 871 3597 incitas
888 3571 901 3608 3
932 3568 1026 3597 nece
1057 3568 1077 3596 e
1096 3553 1151 3598 est
