2320 4030
0 261 2 273 -
0 123 9 235 t-2„.w
0 0 10 107 vra-w*-

569 275 856 330 INSTIT.
895 274 1244 330 ORATOR.
1279 276 1422 329 LIB.
1455 276 1598 332 VIII.
1622 278 1676 333 6.
1927 279 1993 351 5'7

159 435 231 480 22
249 416 398 474 Mihi
431 417 575 472 hanc
603 417 832 491 figuram
869 416 971 471 effe
994 415 1170 488 magis
1194 415 1394 489 placet.
1470 416 1595 472 Illic
1631 436 1765 492 ergo
1799 418 1996 476 redde-

250 501 340 563 tur
355 499 401 546 ¹¹.
474 489 648 544 Aliud
671 489 833 543 etiam
859 488 1190 562 intelligitur
1212 506 1281 541 ex
1298 499 1315 522 ¹
1341 489 1468 555 alio,

392 589 633 664 Adspice,
661 598 840 643 aratra
847 588 982 664 jugo
1005 586 1233 661 referunt
1238 589 1484 662 suspensa
1503 588 1737 664 juvenci,

251 706 402 762 unde
419 714 438 740 ⁸
473 716 693 778 apparet
716 705 934 759 noe‘tem
961 705 1402 778 appropinquare.
1480 706 1546 759 Id
1583 707 1760 760 nescio
1783 724 1851 760 an
1877 724 1998 761 ora-

252 777 356 832 tori
385 778 688 844 conveniat,
716 779 809 830 nifi
847 778 902 830 in
927 777 1378 850 argumentando,
1405 796 1530 831 curn
1559 779 1633 832 rei
1674 779 1879 850 fignum
1906 781 1998 834 est.

162 859 229 924 23
256 850 362 905 Sed
386 850 494 903 hoc
519 851 587 903 ab
612 848 934 903 elocutionis
957 849 1165 902 ratione
1191 849 1365 902 distat.
1441 851 1561 904 Nec
1587 851 1774 922 procul
1799 850 1866 903 ab
1894 850 2001 905 hoc

250 936 451 994 genere
473 920 725 975 discedit*
751 918 1042 990 μετωνυμῖα,
1063 940 1180 993 quae
1203 919 1268 992 est
1285 921 1528 974 nominisu
1547 931 1671 996 pro*
1694 923 1886 975 nomine
1905 934 1999 995 po-

234 993 400 1068 ,[ἱιὶοΖ
418 1014 437 1046 .·
462 992 615 1065 cujus
639 992 720 1047 vis
744 992 834 1057 est,
861 1009 957 1063 pro
986 1010 1071 1057 e0,
1095 993 1239 1064 quod
1264 992 1480 1060 dieitur,
1507 993 1754 1060 cauffam,
1783 1004 2002 1066 propter

234 1074 416 1138 ‘quam
444 1065 664 1131 dicitur,
689 1081 890 1136 ponere
913 1083 927 1116 ε
965 1062 1075 1131 sed,
1102 1075 1164 1117 ut
1186 1064 1262 1117 ait
1287 1065 1498 1131 Cicer0‚
1524 1064 1816 1132 ὑπαλλαγὴν
1837 1077 1856 1100 ³
1880 1064 2000 1118 rhe-

252 1145 399 1190 tores
421 1136 627 1190 dicunt.
701 1134 842 1189 H'aec
868 1135 1087 1189 inventa
1110 1136 1177 1188 ab
1203 1134 1481 1189 inventore
1495 1137 1538 1200 b,
1566 1146 1623 1189 et
1657 1134 1893 1207 subjeeta
1927 1137 1997 1190 ab

252 1206 626 1262 obtinentibus
661 1206 956 1280 fignificat:
995 1216 1079 1274 ut,
1122 1207 1344 1261 Cererem
1382 1218 1662 1279 corruptam
1694 1208 1844 1260 undis
1865 1229 1884 1262 .·
1922 1218 2000 1276 et,

250 1290 540 1353 —receptus
974 1310 976 1315 =

541 1377 704 1431 Terra
727 1374 996 1472 Mptunus)
1016 1374 1187 1450 clffs
1206 1375 1544 1450 Aquilonibus
1569 1386 1724 1432 arcet.

161 1508 237 1568 24
257 1482 425 1547 Quod
451 1491 512 1545 fit
536 1501 678 1544 retro
704 1490 911 1546 durius.
972 1490 1174 1550 ⁴Refert
1201 1501 1402 1559 autem,
1429 1491 1485 1546 in
1523 1501 1787 1565 quantum
1823 1490 2003 1547 dietus

257 1575 446 1635 tropus
478 1574 743 1617 oratorem
780 1563 1050 1635 sequatur.
1123 1564 1291 1628 Nam,
1326 1574 1390 1616 ut
1428 1563 1702 1618 Vulcanum
1739 1581 1836 1636 pro
1873 1564 2005 1638 igne

257 1636 428 1707 vulgo
469 1634 718 1688 audimus
741 1643 781 1701 ⁶,
817 1646 892 1701 et,
926 1633 1078 1689 Vario
1102 1635 1284 1688 IVIarte
1315 1645 1620 1719 pugnatum,
1647 1635 1890 1690 eruditus
1931 1636 2006 1697 est

256 1705 449 1772 sermo,
491 1718 546 1760 et
596 1706 844 1773 Venerem,
886 1725 1049 1779 quam
1092 1706 1318 1774 coitum,
1360 1706 1542 1761 dixiss‘e
1585 1707 1761 1780 magis
1802 1707 2000 1761 decet}

251 1778 336 1835 ,ita
359 1779 598 1832 Liberum
629 1788 685 1830 et
713 1779 934 1831 Cererem
973 1795 1070 1848 pro
1108 1778 1234 1832 vino
1273 1789 1330 1833 et
1366 1796 1503 1851 pane
1540 1778 1810 1845 licentius-3,
1835 1797 2005 1852 quam

257 1857 322 1903 ut
346 1849 448 1903 fori
472 1849 717 1904 severitas
742 1849 894 1904 ferat.
970 1850 1125 1903 Sicut
1145 1867 1211 1903 ex
1243 1867 1328 1917 ec,
1353 1850 1501 1922 quod
1525 1850 1852 1918 continetur,
1877 1850 2006 1905 usus

259 1921 450 1992 recipit
469 1923 491 1955 ‘¹
527 1922 644 1974 bene
678 1932 898 1975 moratas
931 1922 1097 1987 urbes,
1123 1930 1180 1975 et
1251 1921 1442 1975 oculum
1467 1933 1675 1993 epotum,
1701 1933 1759 1975 et
1775 1921 2005 1996 seculum

165 2016 199 2058 2
199 2011 233 2073 5
239 1993 431 2065 felix..
476 1993 557 2048 At
604 1993 680 2060 id,
729 1992 880 2066 quod
925 2003 1114 2047 contra
1157 2011 1188 2048 e
1231 2033 1250 2061 ‚
1299 2012 1420 2048 raro
1467 1994 1664 2049 audeat
1711 1994 1855 2069 quia,
1905 1993 2005 2051 nifi

253 2075 435 2139 poeta,
1397 2100 1400 2106 r

692 2162 812 2238 jam
829 2163 1083 2238 proximus
1108 2162 1255 2216 ardet
1284 2160 1558 2236 Ucalegon.

255 2278 376 2337 Nifi
409 2280 549 2336 forte
581 2278 688 2333 hoc
724 2276 908 2352 potius
946 2278 1038 2344 est,
1065 2296 1096 2332 a
1132 2276 1424 2354 pofl'effore,
1452 2275 1601 2350 quod
1620 2286 1641 2311 θ
1676 2275 1962 2350 poffidetur
1980 2283 2010 2338 ε’
2089 2323 2091 2326 ,

314 2481 336 2511 3
368 2477 540 2518 redietur
556 2477 664 2518 Jens,
774 2486 791 2510 r
820 2476 931 2517 aliud
949 2477 1005 2519 G,
1113 2479 1128 2500 ⁸
1160 2488 1230 2514 om.
1250 2473 1304 2513 G.
1414 2477 1431 2507 t
1456 2473 1642 2514 descendi
1659 2472 1766 2515 Jens·
1867 2477 1887 2499 '¹
1922 2481 2003 2514 tro-

261 2542 338 2584 pus
358 2531 426 2585 insi
448 2532 501 2572 G.
518 2532 626 2571 Jens.
737 2535 757 2556 ¹
788 2546 858 2572 om.
878 2533 929 2572 G.
1051 2536 1076 2561 2
1102 2529 1229 2582 pofito
1249 2529 1301 2566 G.
1319 2527 1428 2566 Jens.
1549 2535 1566 2552 ⁸
1597 2526 1795 2577 ὑπαλλὲιγῆ
1812 2539 1905 2567 eam
1925 2528 2004 2572 effe

261 2587 366 2626 rhet.
386 2587 438 2626 G.
616 2584 634 2610 δ
665 2586 902 2626 inventione
920 2585 974 2628 G.
1155 2588 1173 2609 ⁶
1204 2583 1436 2623 audivimus
1453 2582 1562 2624 Jens.
1725 2581 1745 2608 ⁶
1776 2583 1926 2635 recepit
1944 2581 2000 2627 id.

262 2644 281 2667 ·
312 2641 383 2694 qui
402 2639 569 2694 poffidet
586 2639 639 2682 G.
654 2641 676 2680 J
680 2640 760 2681 ens.
780 2639 893 2683 male.
1034 2644 1038 2645 ⁷

266 2837 341 2875 υ,
380 2835 483 2876 142.
543 2821 760 2868 Nimirum
800 2819 926 2864 deess‘e
963 2827 1087 2879 putat
1167 2813 1277 2879 qued
1289 2818 1459 2863 nomina
1479 2816 1800 2864 transferuntur.

263 2888 489 2939 coeperunt.
549 2881 768 2933 Alterum,
788 2878 954 2938 Adspice
981 2893 1087 2923 ara·
1230 2893 1306 2934 ²3·
1351 2879 1542 2923 Cererem
1575 2877 1832 2935 corruptam]
1880 2877 1996 2926 AEn.

263 2947 356 2992 tra,
373 2940 430 2984 est
448 2939 542 2983 Eel.
567 2955 610 2991 2,
630 2941 705 2982 66.
1172 2951 1215 2988 1,
1239 2951 1340 2991 177.
1400 2944 1583 2995 receptus
1612 2934 1766 2989 Terra,
1786 2938 1898 2980 Hor.
1924 2937 1995 2984 A·

326 3013 401 3052 23.
439 2996 610 3042 nominis
629 3005 709 3055 pro
734 2995 914 3051 nomine]
954 2997 1091 3041 Inter-
1168 2995 1222 3039 P.
1246 2998 1320 3050 63.
1781 3032 1786 3038 .

266 3056 446 3114 pretatio
481 3057 663 3100 nominis
701 3057 846 3100 Graeci
883 3056 972 3099 haec
1016 3055 1088 3108 est,
1231 3068 1306 3108 23.
1380 3053 1462 3097 uod
1472 3052 1532 3108 fit
1550 3060 1661 3096 retro
1681 3051 1848 3108 durius]
1938 3051 2001 3103 rin

265 3128 350 3158 non
371 3114 577 3166 definitio,
595 3129 724 3172 quam
753 3114 890 3158 statim
920 3113 1089 3168 subjun·
1172 3112 1215 3156 in
1264 3127 1366 3170 ropo
1382 3113 1452 3154 itis
1479 3111 1680 3170 exemplis
1702 3112 1837 3170 plane,
1858 3125 1903 3154 cr
1954 3125 2000 3162 o,

264 3173 350 3231 git.
411 3173 552 3217 Locus
591 3182 731 3216 autem
778 3173 994 3217 Ciceronis
1036 3171 1092 3218 est
1172 3173 1216 3214 ni
1235 3187 1247 3213 ι
1268 3172 1320 3213 ab
1341 3170 1481 3213 insano
1509 3169 1598 3214 fieri
1627 3184 1709 3213 non
1739 3169 1894 3228 potest=
1924 3166 2000 3219 nifi

266 3234 392 3274 Orat.
413 3246 454 3274 c.
477 3246 550 3284 27,
570 3232 643 3274 ubi
664 3230 903 3275 laudaverat
930 3231 1088 3275 Ennia·
1175 3239 1314 3273 tamen
1325 3228 1608 3287 Proserpinam
1621 3227 1744 3287 panis
1763 3229 1874 3284 (haec
1887 3228 2000 3271 enim

249 3304 369 3341 ,num
390 3287 539 3344 Africa
555 3288 733 3333 terribili
750 3290 831 3334 ὅτε.
847 3296 925 3346 pro
945 3287 1088 3341 Afris,
1175 3287 1231 3331 est
1261 3287 1402 3342 Ceres)
1434 3286 1594 3340 filiam3
1624 3297 1697 3329 aut
1726 3287 1850 3345 Tyro
1882 3284 2001 3334 illam

267 3346 422 3405 inquit,
458 3346 651 3390 immutat
693 3346 906 3392 Africam.
966 3347 1091 3391 Hanc
1175 3346 1406 3404 nympham
1434 3359 1458 3388 a
1485 3343 1600 3388 mari
1629 3345 1696 3401 (h.
1719 3359 1758 3387 e.
1791 3342 2000 3403 Neptuno)

264 3404 517 3464 hypallagen
574 3405 770 3457 rhetores,
822 3404 923 3464 quia
979 3405 1096 3462 quafi
1176 3413 1431 3462 corruptam,
1472 3403 1608 3447 dicere
1654 3402 1880 3462 pulchrum
1926 3409 2004 3446 aut

266 3462 576 3507 summutantur
612 3462 754 3507 verba
793 3470 873 3522 pro
909 3461 1087 3516 ‘verbim
1175 3462 1390 3508 tolerabile
1407 3463 1674 3505 arbitramur.

266 3518 550 3580 metonymian
601 3521 871 3580 grammatici
915 3528 1089 3574 vocant,
1234 3536 1259 3564 2
1269 3536 1310 3578 5.
1320 3520 1420 3579 jam
1430 3519 1668 3582 proximus]
1690 3520 1803 3571 AEn·
1824 3531 1870 3575 2,
1893 3530 1942 3576 21
1954 3531 1999 3567 x·
