2320 4030
631 323 909 375 1Ns‘r1‘r.
944 322 1278 374 ORATOR.
1313 323 1452 372 Lm.
1487 323 1607 373 ΧΠ.
1645 339 1722 374 10.
1931 338 2036 388 3412

312 457 412 523 cie,
441 478 564 530 quae
600 459 660 512 fit
695 461 930 513 concessa
962 459 1290 524 hominibus,
1315 458 1613 512 abhorrere.
1689 448 1838 512 Quid
1862 458 2028 526 enim,

308 529 559 600 inquiunt
573 530 616 594 ¹⁸,
650 531 840 584 attinet
876 531 1102 583 circuitu
1138 548 1221 583 res
1257 529 1544 592 ostendere,
1575 538 1632 581 et
1672 529 2024 582 transsationi-

308 600 429 664 bus,
456 600 543 653 idi
580 601 670 666 est,
696 613 789 654 aut
813 601 1051 672 pluribus
1074 611 1168 653 aut
1190 599 1380 653 alienis
1403 599 1595 665 verbis,
1618 618 1743 652 cum
1778 599 1873 653 sua<
1903 600 2025 654 cui-

215 687 287 739 42
309 688 414 740 que
437 671 535 723 fint
556 672 806 743 affignata
829 671 1045 723 nomina
1069 673 1085 723 ?
1114 670 1362 742 Denique
1388 669 1800 741 antiquissimum
1827 689 2023 741 quem-

307 759 412 812 que
440 741 668 794 maxime
700 742 988 795 secundum
1026 752 1261 794 naturam
1299 740 1479 792 dixiffe
1516 740 1866 806 contendunt,
1891 759 2020 795 mox

304 812 478 881 poetis
529 812 797 865 similiores
838 812 1079 875 extitisse,
1123 811 1317 863 etiamsi
1361 810 1588 882 parcius,
1641 809 1791 878 fimili
1838 821 2018 865 tamen

304 882 506 934 ratione
541 882 667 935 falsa
697 894 752 935 et
788 883 1075 955 impropria
1101 882 1354 934 virtutes¹
1396 881 1673 935 ducentes,
1747 882 1920 935 Quam
1959 883 2018 936 in

303 951 652 1023 disputatione
689 953 930 1005 nonnihil
974 952 1082 1006 veri
1121 953 1212 1016 est,
1255 952 1483 1023 ideoque
1522 970 1624 1005 non
1662 963 1771 1006 tam
1811 953 2017 1023 procul,-

303 1040 462 1094 quam
510 1023 570 1076 fit
618 1041 650 1075 a
696 1024 1029 1096 quibusdam,
1077 1021 1429 1076 recedendum
1474 1041 1504 1075 a
1538 1033 1562 1055 ¹⁸
1586 1022 1808 1094 propriis
1853 1034 2018 1095 atque

209 1110 277 1166 43
302 1093 696 1149 communibus,
770 1095 828 1147 Si
864 1095 983 1166 quis
1018 1102 1194 1146 tamen
1236 1097 1320 1162 (ut
1339 1093 1447 1145 -in0
1477 1093 1598 1150 loco
1623 1093 1732 1146 dixi
1757 1095 2015 1166 composi-

301 1163 484 1231 tionis)
511 1165 577 1216 ad
609 1165 904 1231 neceffaria,
931 1164 1126 1234 quibus
1153 1163 1286 1216 nihil
1324 1164 1503 1217 minus
1539 1165 1628 1229 est,
1655 1164 1856 1235 aliquid
1895 1183 2013 1219 me-
2044 1199 2047 1201 -

299 1233 404 1286 lius
449 1235 717 1306 adjecerit,
764 1254 869 1288 non
919 1235 1018 1288 erit
1068 1235 1167 1287 hac
1216 1234 1483 1287 calumnia
1530 1235 2011 1306 reprehendendus,

298 1304 442 1357 Nam
468 1306 601 1358 mihi
639 1306 796 1359 aliam
821 1306 1102 1377 quamdam
1129 1305 1337 1358 videtur
1359 1305 1554 1358 habere
1572 1316 1817 1358 ,naturam
1845 1306 2013 1359 sermo

298 1375 550 1447 vulgaris,
575 1377 735 1429 aliam
773 1378 871 1430 viri
908 1376 1207 1448 eloquentis
1243 1375 1448 1428 oratio:
1488 1375 1581 1446 qui
1604 1386 1646 1440 Ρ,
1677 1376 1721 1428 fi-
1750 1387 1832 1429 res
1871 1375 2011 1430 indi-

299 1457 456 1499 eare‘¹
499 1447 663 1499 modo
708 1447 829 1500 satis
872 1447 1014 1512 effet,
1058 1446 1192 1498 nihil
1223 1446 1364 1499 ultra
1397 1447 1676 1499 verborum
1719 1447 2009 1518 proprieta-

296 1526 407 1569 tem
434 1516 747 1570 elaboraret:
775 1518 860 1570 sed
888 1537 1010 1570 cum
1039 1517 1229 1570 debeat
1250 1516 1529 1582 delectare,
1551 1535 1783 1582 movere,
1802 1518 1855 1570 in
1890 1517 2010 1589 plu-

294 1586 453 1640 rimas
473 1588 710 1641 animum
737 1589 1002 1641 audientis
1035 1587 1232 1658 species
1262 1587 1551 1658 impellere,
1578 1597 1757 1640 utetur
1779 1587 1844 1640 iis
1869 1607 2008 1661 quo·

243 1687 246 1691 ·
293 1676 398 1728 que
421 1659 720 1730 adjutoriiS,
746 1678 865 1731 quae
890 1660 957 1711 ab
984 1659 1167 1711 eadem
1204 1658 1323 1710 sunt
1357 1659 1510 1711 nobis
1527 1665 1530 1668 ’
1546 1658 1780 1711 concessa
1803 1670 2010 1714 natura.

201 1747 275 1799 44
294 1729 439 1782 Nam
467 1743 523 1783 et
558 1730 782 1784 lacertos
812 1729 1187 1782 exercitatione
1222 1728 1592 1800 constringere,
1620 1739 1675 1782 et
1708 1748 1904 1801 augere
1930 1730 2009 1784 vi·-

292 1816 395 1866 res,
421 1811 476 1854 et
510 1801 776 1854 coloremr
814 1800 1039 1864 trahere,
1066 1799 1303 1853 naturale
1336 1801 1442 1852 est:
1479 1799 1709 1870 ideoque
1736 1799 1792 1853 in
1827 1801 2008 1854 omni-

290 1871 394 1924 bus
426 1872 677 1943 gentibus
701 1871 839 1924 alius
860 1871 967 1924 alio
1003 1870 1282 1924 facundior
1311 1870 1556 1934 habetur,
1583 1881 1638 1923 et
1673 1869 1972 1943 eloquendo
1991 1881 2009 1907 ⁸

290 1940 462 1995 dulcis
486 1943 680 2015 magiS.
751 1942 915 1996 Quod
941 1942 973 1994 fi
1010 1959 1118 1994 non
1155 1940 1407 2006 eveniret,
1433 1958 1620 1993 omnes
1653 1959 1802 2012 pares
1826 1941 2008 2007 effent,

286 2022 343 2064 et
364 2012 504 2066 idem
531 2031 719 2066 omnes
742 2013 972 2065 deceret.
1045 2012 1122 2063 At
1146 2011 1458 2081 loquuntur,
1485 2022 1540 2064 et
1561 2011 1765 2064 servant
1782 2018 1796 2046 ²
1829 2012 2007 2083 perso-

287 2100 475 2136 narum
517 2083 831 2137 discrimen:
879 2083 954 2135 ita
988 2101 1097 2153 quo
1139 2083 1359 2154 quisque
1399 2082 1517 2152 plus
1555 2082 1717 2135 efficit
1756 2082 2004 2148 dicende,

197 2170 266 2224 45
288 2152 392 2206 hoc
416 2154 589 2226 magis
621 2153 910 2207 secundum
944 2165 1146 2205 naturae
1169 2163 1187 2184 ⁰
1225 2151 1588 2223 eloquentiam
1624 2151 1777 2207 dicit.
1850 2154 2005 2207 Qua*

286 2237 498 2296 propter
542 2242 609 2278 ne
651 2224 757 2277 illis
801 2224 1017 2300 quidem
1062 2222 1289 2276 nimium
1326 2241 1586 2295 repugnO,
1628 2223 1726 2294 qui
1765 2223 2004 2279 dandum

286 2306 476 2365 putant
510 2295 753 2356 nonnihil
801 2294 900 2347 effe
938 2293 1266 2364 temporibus
1301 2305 1462 2364 atque
1508 2293 1746 2362 auribuS,
1783 2294 2004 2349 nitidius

285 2364 486 2437 aliquid
521 2377 680 2437 atque
705 2364 1038 2418 affestatiusx
1077 2364 1474 2436 postulantibus·
1549 2366 1737 2436 Itaque
1773 2382 1880 2418 non
1917 2365 2001 2419 so.-

284 2435 398 2489 lum
443 2437 510 2489 ad
547 2437 745 2507 priores
785 2437 1082 2489 Catonemy
1129 2433 1518 2505 Gracchosque,
1554 2434 1642 2487 sed
1686 2453 1753 2487 ne
1793 2434 1862 2488 ad
1901 2434 2003 2489 hos

284 2507 500 2576 quidem
525 2519 785 2560 oratorem
825 2505 1152 2578 alligandum
1185 2516 1332 2575 puto,
1405 2506 1591 2576 Atque
1626 2504 1679 2557 id
1715 2504 1887 2558 feciss'e
1911 2507 1998 2560 M.

283 2577 522 2630 Tullium
573 2579 748 2642 vide0‚
799 2589 860 2630 ut
907 2595 1030 2628 cum
1081 2575 1296 2628 omnia²
1343 2575 1584 2640 utilitati,
1631 2587 1747 2628 tum
1796 2586 2000 2649 partem

282 2648 566 2719 quamdam
594 2646 933 2702 delectationi
958 2646 1123 2711 daret,
1146 2664 1270 2699 cum
1296 2658 1328 2711 †
1368 2657 1422 2699 et
1444 2645 1603 2717 ipsam
1629 2647 1679 2699 se
1703 2664 1813 2699 rem
1839 2665 1997 2719 agere

335 2816 355 2841 ¹⁸
388 2817 518 2868 inquit
538 2818 589 2857 id.
716 2814 727 2841 ¹
758 2817 868 2854 idem'
885 2814 1063 2869 pluribus
1081 2822 1120 2853 et
1139 2813 1210 2853 G.-
1315 2811 1327 2837 ¹
1357 2812 1502 2852 virtute
1519 2813 1574 2853 G.
1588 2813 1694 2852 Jens.
1822 2819 1852 2840 ¹¹¹
1888 2816 1997 2856 Quia

280 2870 385 2908 Jens.
503 2878 524 2900 ¹¹
551 2879 621 2910 aut
640 2870 690 2909 id.
814 2875 833 2893 ⁰
864 2869 934 2907 illo
952 2869 1018 2921 irgfi
1040 2869 1090 2907 G.
1216 2872 1235 2900 Ρ
1262 2867 1327 2905 cui
1349 2866 1400 2906 G.
1417 2867 1523 2907 Jens.
1647 2876 1666 2905 q
1691 2867 1870 2916 judicare
1886 2870 1993 2910 Jens.

283 2929 298 2947 Γ
328 2923 503 2963 calorem
523 2924 575 2963 id.
737 2928 750 2947 ⁸
782 2922 984 2973 loquendo
1003 2922 1055 2960 G.
1227 2926 1238 2946 t
1269 2919 1420 2959 salvant
1439 2921 1489 2959 G.
1506 2920 1612 2959 Jens.
1627 2920 1742 2974 glvffiz
1760 2922 1994 2962 monachalis.

283 2981 302 3001 ¹³
336 2986 521 3016 naturam
541 2977 779 3027 eloquentiae
799 2977 850 3015 G.
871 2984 906 3013 et
927 2975 1030 3026 plur.
1051 2974 1174 3012 MSS.
1193 2981 1254 3024 ap.
1275 2975 1406 3012 Bam.
1426 2974 1622 3027 quodfere
1648 2978 1696 3024 est
1713 2983 1754 3013 ut
1772 2977 1991 3028 preferant.

281 3036 303 3058 Χ
331 3030 506 3069 effectius
540 3031 592 3070 G.
620 3029 803 3081 pulchre!
843 3028 1020 3068 affectius
1052 3027 1173 3066 MSS.
1206 3027 1356 3080 quidam
1387 3035 1449 3078 ap.
1479 3028 1609 3067 Burm.
1651 3028 1855 3068 affeetibus
1884 3029 1991 3070 Jens.

280 3085 299 3110 Υ
331 3084 482 3122 Catone
502 3085 769 3133 Gracchisque
791 3083 882 3122 Obr.
992 3088 1008 3108 2
1041 3082 1227 3120 omnium
1248 3081 1298 3120 G.
1318 3080 1423 3119 Jens.
1530 3087 1562 3132 †
1591 3081 1640 3121 Et
1659 3093 1756 3121 curn
1775 3085 1886 3122 suam
1905 3095 1991 3123 rem

278 3148 392 3187 agere
406 3138 601 3178 diceretur
617 3139 707 3190 conj.
726 3138 857 3175 Burm.

336 3275 412 3314 43.
442 3260 486 3303 in
518 3260 596 3303 loco
628 3254 920 3317 compositionis]
969 3274 1012 3311 9,
1045 3270 1091 3308 4,
1178 3272 1248 3312 ¹9·
1280 3256 1400 3300 Add.
1423 3260 1466 3306 8,
1489 3272 1530 3310 3,
1554 3272 1624 3300 10.

279 3327 368 3361 turn
409 3319 452 3361 in
490 3318 693 3376 principio
733 3317 883 3374 capitis
921 3326 1010 3357 turn
1049 3316 1092 3356 in
1230 3329 1306 3367 45.
1339 3315 1529 3357 Catonem
1556 3313 1850 3374 Gracchosque]
1882 3317 1986 3372 Jun-

279 3376 374 3419 fine,
1172 3371 1239 3426 git
1266 3374 1392 3416 etiam
1422 3372 1465 3414 in
1493 3372 1567 3415 tali
1595 3387 1638 3415 re
1669 3376 1710 3422 8,
1735 3388 1776 3427 5,
1801 3390 1870 3427 33.
1920 3376 1990 3420 Ad

336 3448 412 3485 44.
443 3430 947 3490 lacertos—forssringere]
973 3429 1092 3472 Unde
1172 3426 1240 3470 hos
1255 3429 1430 3486 quidem,
1450 3430 1480 3471 i.
1503 3445 1540 3472 e.
1572 3430 1646 3486 qui
1666 3443 1794 3487 nuper
1812 3431 1925 3476 fuere
1943 3443 1985 3476 et

277 3500 440 3547 corpora
473 3490 556 3546 ipsa
584 3490 689 3532 fiunt
720 3488 911 3537 colorata,
940 3495 983 3530 et
1012 3488 1091 3530 ad·
1171 3499 1279 3528 nunc
1300 3487 1406 3538 sunt,
1424 3496 1472 3529 ut
1492 3486 1594 3544 saepe
1612 3487 1774 3531 Cicero.

262 3549 433 3604 stritla,
464 3556 504 3591 et
539 3546 705 3592 lacertis
737 3545 913 3602 exprqffiz
949 3547 991 3598 8,
1022 3559 1087 3604 pr.
1228 3556 1259 3594 4
1265 3558 1307 3597 5.
1335 3558 1424 3589 cum
1442 3553 1482 3590 et
1498 3543 1624 3604 ipsam
1629 3546 1680 3604 se
1697 3545 1807 3604 rem]
1835 3546 1983 3593 Cicero

1192 3615 1280 3672 Ζ3
