2320 4030
308 359 405 409 282
687 357 763 407 M.
798 357 1006 407 FABII
1043 353 1623 406 QUINCTILIANI
1663 338 1671 346 ’

299 494 464 546 finum
498 493 726 565 proferre
763 513 868 546 non
904 494 1111 556 audeat,
1138 493 1292 558 aliuS,
1319 492 1375 544 in
1412 503 1673 563 quantum
1712 498 1859 560 patet
1892 488 2040 543 lon·-

298 564 509 635 gitudo,
536 565 832 635 protendat,
858 575 951 618 aut
973 564 1039 617 ad
1065 564 1266 617 tee‘tum
1291 563 1479 635 erigat,
1505 574 1597 614 aut
1621 561 1847 632 repetito
1872 560 2016 614 ultra

297 634 493 688 laevum
519 635 798 688 humerum
833 636 982 707 gestu
1016 635 1091 687 ita
1125 635 1180 687 in
1213 645 1425 706 tergum
1460 632 1709 705 flagellet,
1737 642 1798 684 ut
1823 631 2013 684 confis-
2096 650 2098 653 ·

298 717 412 758 tere
438 707 546 777 post
571 725 691 759 eum
718 725 902 777 parum
930 715 1106 758 tutum
1132 705 1210 771 fit,
1232 717 1322 757 aut
1344 704 1595 756 finistrum
1622 703 1782 755 ducat
1807 703 2016 767 orbem,

299 786 393 830 aut
415 786 612 829 temere
637 777 798 847 sparsa
820 795 984 829 manu
1007 776 1062 829 in
1087 776 1354 847 proximos
1379 774 1628 838 offendat,
1655 786 1747 826 aut
1772 773 2015 826 cubitum

299 858 588 919 utrumque
635 847 689 898 in
735 847 994 901 diversum
1041 847 1183 900 latus
1229 845 1449 899 ventilet
1467 848 1509 911 d,
1553 845 1688 915 saepe
1734 841 1838 896 scio
1887 861 2013 896 eveo

301 918 416 972 nire
431 929 470 970 θ.
547 917 694 970 Solet
728 918 827 970 effe
863 927 989 1041 etg

299 988 514 1042 interim
553 989 715 1041 etiam
755 988 908 1042 uncis

985 1008 997 1039 i
1045 1000 1130 1040 itls

300 1059 488 1112 eadem
530 1078 719 1112 manus
755 1008 1077 1129 supinatagin
1111 1027 1373 1130 superiora
1402 1057 1654 1130 jaetetur.

992 935 1125 989 igra,
1149 927 1206 970 et
1241 916 1462 988 trepida,
1489 926 1544 968 et
1574 915 1768 968 secanti
1796 914 1975 967 similis
1997 935 2012 966 z
2038 935 2111 977 119

1177 998 1267 1040 aut
1286 988 1305 1023 f
1337 1006 1369 1040 a
1404 986 1579 1058 capite
1604 985 1897 1058 dejiciatur,
1924 995 2018 1038 aut
2095 999 2100 1005 ⁶

1729 1057 1813 1109 Fit
1844 1066 1899 1109 et
1925 1055 2018 1108 ille

299 1130 533 1195 habituS,
559 1130 652 1201 qui
688 1130 786 1182 effe
817 1130 872 1183 in
901 1129 1077 1182 statuis
1113 1129 1414 1199 pacificator
1447 1128 1595 1194 solet,
1619 1127 1733 1199 qui,
1758 1126 2020 1180 inclinato

302 1201 356 1254 in
400 1200 684 1254 humerum
722 1201 969 1254 dextrum
1010 1201 1199 1271 capite,
1220 1199 1455 1254 'brachio
1493 1199 1560 1251 ab
1598 1217 1723 1252 aure
1755 1196 2017 1270 protense,

300 1290 520 1325 manum
545 1271 728 1324 infesto
751 1271 943 1342 pollice
965 1271 1237 1325 extendit:
1277 1271 1370 1343 qui
1434 1270 1614 1323 uidem
1645 1269 1876 1322 maxime
1900 1268 2017 1339 pla-

300 1354 387 1396 cet
411 1342 494 1408 iis,
520 1342 613 1414 qui
648 1342 699 1395 se
725 1343 899 1396 dicere
915 1343 1130 1413 sublata
1154 1362 1304 1395 manu
1330 1341 1389 1414 ja
1445 1351 1555 1395 ant.
1628 1340 1867 1414 Adjicias
1889 1339 2018 1393 licet
2041 1361 2115 1393 120

300 1432 412 1479 eOS,
448 1413 540 1484 qui
580 1414 861 1466 sententias
894 1414 1109 1466 vibratis
1148 1413 1334 1486 digitis
1363 1412 1691 1485 jaculantur,
1727 1421 1822 1465 aut
1855 1430 2021 1464 manu

299 1485 504 1541 sublata
528 1484 859 1549 denuntiant,
886 1494 977 1536 aut
1008 1484 1175 1555 (quod
1203 1502 1297 1555 per
1319 1483 1372 1536 se
1403 1484 1617 1537 interim
1653 1481 2020 1554 recipiendum

301 1557 393 1622 est)
422 1556 629 1626 quoties
653 1555 855 1627 aliquid
879 1556 996 1626 ipfis
1016 1555 1235 1626 placuit,
1257 1555 1313 1608 in
1340 1573 1548 1627 ungues
1580 1553 1892 1626 eriguntur:
1930 1552 2022 1608 sed

299 1627 543 1680 vitiosum
570 1625 624 1678 id
648 1625 867 1691 faciunt,
893 1636 986 1678 aut
1010 1626 1203 1699 digito,
1229 1635 1431 1699 quanto
1466 1625 1751 1697 plurimum
1790 1623 2019 1697 possunt,

302 1699 500 1762 ereAEtO,
525 1706 618 1750 aut
654 1698 816 1750 etiam
854 1696 1081 1762 duobuS,
1106 1707 1198 1750 aut
1233 1706 1456 1768 utraque
1496 1715 1659 1750 manu
1694 1695 1760 1749 ad
1795 1695 2017 1748 modum

302 1769 508 1841 aliquid
546 1768 872 1839 portantium
914 1769 1215 1840 compofita.
1289 1770 1396 1821 His
1433 1767 1696 1821 accedunt
1739 1766 1865 1821 vitia
1908 1785 2017 1820 non
2042 1788 2111 1818 ιιι

303 1850 523 1903 naturae,
561 1839 648 1891 sed
687 1838 1071 1910 trepidationiS,
1098 1858 1222 1892 cum
1262 1857 1356 1892 ore
1396 1849 1743 1892 concurrente
1780 1837 1955 1904 rixari,
1982 1837 2019 1890 fi
2098 1900 2104 1905 ⁴

301 1910 559 1964 memoria
605 1909 869 1974 fefellerit,
911 1920 1004 1962 aut
1051 1909 1309 1981 cogitatio
1352 1929 1459 1963 non
1507 1910 1836 1982 suffragetur,
1877 1910 2020 1980 quafi
2099 1917 2103 1922 '

301 1979 548 2035 faucibus
585 1980 789 2051 aliquid
830 1981 1089 2034 obstiterit
1126 1981 1381 2044 insonare,
1417 1981 1473 2034 in
1508 1981 1779 2034 adversum
1811 1992 2022 2052 tergere

217 2121 219 2123 Ι
302 2070 472 2117 nareS,
515 2051 857 2104 obambulare
905 2051 1142 2106 sermone
1182 2051 1513 2124 imperfeeffi,
1555 2053 1777 2105 refistere
1822 2052 2017 2117 subite,

299 2134 358 2175 et
381 2122 595 2176 laudem
621 2121 822 2175 silentio
845 2124 1058 2204 poscere
1080 2143 1093 2176 ε
1133 2142 1255 2196 quae
1279 2123 1459 2176 omnia
1482 2122 1720 2194 persequi
1747 2140 1909 2194 prope
1932 2123 2017 2175 in-

301 2194 511 2247 finitum
538 2195 627 2246 est.
703 2194 808 2246 Sua
831 2212 973 2246 emm
1002 2195 1194 2266 cuique
1217 2195 1338 2247 sunt
1359 2194 1508 2248 vitia.

1583 2196 1773 2248 Peems
1802 2211 1865 2246 ac
1888 2211 2016 2246 ven·
2041 2218 2114 2250 122

299 2275 382 2316 ter
408 2284 474 2317 ne
509 2263 850 2337 projiciantur
867 2275 907 2330 ἕ,
935 2266 1336 2320 observandum.
1411 2265 1647 2321 Pandant
1672 2265 1816 2324 ,enim
1849 2265 2019 2336 poste-

300 2336 456 2402 riora,
497 2346 551 2388 et
593 2336 666 2388 est
702 2335 880 2389 odiosa
918 2337 1095 2390 omnis
1131 2337 1403 2411 supinitas,
1476 2339 1668 2390 Latera
1706 2354 1830 2390 cum
1872 2337 2021 2409 gestu

374 2477 395 2504 ὅ
423 2478 603 2518 ventillet
620 2481 642 2518 J
645 2480 722 2519 ens.
833 2484 850 2504 ⁶
881 2481 1015 2519 venire
1032 2479 1085 2520 id.

306 2616 372 2658 sus
393 2615 460 2665 est,
481 2615 554 2672 qui
584 2616 625 2658 in
655 2625 833 2672 praetura
863 2617 1015 2670 ἀχίτων,
1033 2616 1121 2671 fine

304 2672 541 2727 tunica5·j11s
561 2674 728 2724 diceret,
749 2674 834 2716 vid.
857 2673 970 2716 Plut.
994 2690 1037 2731 p.
1058 2690 1118 2717 m.

308 2745 416 2784 ¹431
438 2740 478 2773 et
494 2745 622 2783 1447.
641 2732 779 2788 steph.
796 2731 891 2774 Val.
906 2733 1122 2775 Maximus

309 2805 350 2842 3,
374 2792 416 2838 6,
439 2804 462 2840 7
482 2807 492 2831 ε
525 2789 630 2830 unde
656 2799 761 2831 errat
781 2790 1006 2842 Asconiu8‚
1027 2805 1122 2833 curn

304 2847 348 2888 in
380 2856 620 2903 argumento
640 2849 850 2889 orationis
877 2861 950 2904 pro
969 2848 1123 2890 Scauro

307 2904 434 2946 aestati
465 2905 540 2947 hoc
568 2904 712 2949 dedisse
745 2906 943 2947 Catonem
964 2907 1050 2958 ait3
1082 2916 1123 2948 et

307 2961 491 3005 Tertull.
524 2963 574 3004 de
608 2962 714 3005 Pall.
755 2978 794 3016 3,
823 2964 897 3018 qui
930 2964 1121 3015 majorem

308 3020 525 3070 Catonem,
555 3020 799 3062 Graecorum
832 3020 948 3063 illum
984 3023 1124 3064 inimi-

307 3092 420 3127 cum,
440 3078 638 3126 nominat,
661 3077 771 3134 quod
795 3087 933 3119 notare
953 3092 1032 3121 non
1052 3093 1120 3121 ne-

307 3135 436 3190 glexit
455 3137 666 3178 Ferrarius
685 3136 734 3176 de
755 3136 817 3177 Re
847 3136 956 3178 Vest.
983 3153 1023 3186 1,
1049 3151 1119 3191 15.

309 3192 397 3253 Qi
427 3194 556 3250 igitur
576 3193 782 3251 introspici
805 3194 941 3250 potuit
961 3195 1121 3294 &rinc-

306 3253 440 3293 tihani
470 3261 589 3293 aetate
616 3250 724 3293 latus
752 3252 976 3307 agentium,
1013 3270 1025 3294 i
1054 3261 1121 3293 tu-

305 3310 433 3351 nicati
467 3317 580 3351 erant
615 3309 690 3352 sub
729 3315 861 3364 toga?
909 3311 1120 3353 Nimirum

307 3367 457 3408 tunicae
479 3367 760 3409 Romanorum
779 3376 907 3417 erant,
921 3369 1029 3423 quod
1046 3368 1120 3409 do-

309 3433 373 3465 cet
408 3425 515 3467 idem
546 3425 756 3467 Ferrarius
792 3440 832 3479 3,
866 3429 908 3475 8,
943 3425 1119 3476 colobia,

303 3496 484 3537 quarum
513 3483 686 3524 manicae
710 3483 834 3523 modo
861 3483 912 3524 ad
932 3484 1120 3525 cubitum

309 3540 566 3594 pertinerent.
613 3540 758 3582 Potuit
788 3540 919 3597 igitur
948 3541 1052 3590 fieri,
1073 3551 1122 3584 ut

307 3597 413 3640 inter
450 3596 669 3655 agendum,
709 3597 738 3641 fi
775 3597 947 3643 laxiores
984 3597 1120 3652 effent,

1192 2477 1211 2506 f
1240 2482 1279 2522 V
1276 2481 1327 2520 id.
1348 2481 1418 2533 leg.
1436 2488 1496 2521 ut.

1606 2486 1626 2512 ⁸
1656 2480 1884 2534 projiciatur
1903 2480 1957 2521 G.

1202 2626 1310 2660 retro
1329 2618 1430 2661 1³&ae
1447 2618 1510 2661 vel
1530 2618 1737 2675 replicatae
1753 2619 1906 2662 nudam
1925 2633 2018 2677 par-

1203 2685 1286 2718 tem
1306 2675 1590 2719 subaxiuarem
1609 2676 1870 2720 ostenderent.

1266 2750 1284 2776 1
1297 2750 1365 2788 19.
1382 2734 1546 2791 secanti
1550 2733 1714 2791 similis]
1746 2737 1895 2789 npc'owrc,
1915 2736 2019 2779 serra

1202 2793 1352 2834 utenti.
1402 2794 1558 2851 Lepide
1585 2794 1860 2850 Hippocrates
1889 2794 1920 2836 s.
1943 2795 2019 2852 qui

1204 2849 1349 2892 auster
1386 2850 1439 2892 est
1467 2852 1599 2908 operis
1633 2851 1683 2892 de
1722 2852 1862 2893 Diaeta
1900 2868 1941 2902 1,
1974 2869 2018 2907 9,

1196 2905 1340 2960 ’Ὠσπερ
1368 2909 1396 2946 οἱ
1421 2910 1581 2952 τέκτονες
1601 2908 1643 2946 τὸ
1669 2909 1767 2959 ξύλον
1793 2909 1939 2961 πρίω-ι,
1958 2910 2020 2964 ’533

1201 2962 1272 3012 μὲν
1287 2961 1398 3012 ἕλκει,
1417 2962 1431 2999 ὅ
1451 2963 1486 3001 δὲ
1504 2963 1622 3010 ὠθέει,
1639 2965 1680 3000 τὸ
1697 2962 1783 3002 aar&
1800 2964 1992 3008 ποιέοντες.

1266 3039 1282 3065 1
1296 3040 1363 3079 19.
1381 3025 1553 3081 sublata
1569 3026 1714 3079 manu]
1749 3026 1814 3068 Sic
1833 3025 1953 3084 supra
1974 3043 2018 3078 2,

1207 3095 1277 3131 12,
1315 3099 1357 3137 9,
1404 3082 1597 3125 Clamant
1625 3083 1783 3140 ubique,
1815 3092 1855 3125 et
1884 3085 2019 3135 omnia

1201 3138 1350 3203 levata,
1371 3147 1418 3182 ut
1449 3140 1517 3197 ipsi
1548 3150 1721 3192 vocant,
1751 3155 1876 3185 manu
1906 3157 2018 3185 emu-

1195 3205 1333 3252 gtunt.

1266 3270 1282 3296 1
1294 3270 1342 3297 21
1354 3285 1366 3296 .
1389 3270 1477 3298 cum
1495 3271 1562 3300 ore
1579 3264 1835 3300 concurrente
1851 3255 2015 3313 rixari]

1202 3313 1303 3354 Vid.
1324 3312 1375 3355 ad
1399 3330 1467 3363 10,
1490 3330 1531 3366 7,
1554 3319 1596 3357 8.
1854 3325 1857 3331 “

1263 3386 1281 3411 1
1292 3385 1314 3411 2
1324 3386 1340 3412 1
1352 3402 1362 3413 .
1382 3371 1544 3414 laudem
1548 3373 1705 3427 stlentio
1711 3373 1890 3432 poscere]
1913 3374 2015 3417 vid.

1201 3427 1232 3469 s.
1259 3431 1338 3469 126
1371 3439 1411 3471 et
1443 3445 1542 3482 131.
1569 3445 1616 3474 ac
1646 3433 1764 3488 supra
1793 3446 1838 3484 4,
1868 3446 1911 3482 2,
1944 3447 2015 3484 37.

1201 3485 1322 3527 Add.
1345 3487 1455 3529 Plin.
1477 3488 1590 3544 epist.
1615 3504 1658 3539 2,
1683 3502 1752 3541 14,
1772 3503 1818 3541 4.

1265 3559 1363 3586 122.
1400 3544 1629 3601 stcpinitas]
1681 3548 1793 3589 Cum
1831 3555 1939 3589 retro
1977 3555 2020 3590 et

1202 3600 1355 3645 sursum
1387 3602 1478 3647 aeto
1512 3619 1678 3663 corpore
1704 3605 1890 3650 videmur
1920 3620 2017 3648 con-
