2320 4030
336 346 432 395 266
721 343 797 395 M.
830 342 1651 394 FABII‘QUINCTILIANI

325 479 494 545 tiatio,
519 478 606 533 cui
630 479 940 552 suffragatur
962 501 1063 534 vox
1079 480 1281 551 faciliS,
1307 500 1513 552 magna,
1542 481 1684 532 beata
1704 488 1766 547 1,
1772 479 2040 551 flexibilis,

305 550 492 623 firma,
519 551 694 615 dulciS,
723 552 989 615 durabilis,
1018 552 1175 615 clara,
1194 564 1350 622 pura,
1364 553 1540 622 secans
1565 571 1705 618 aera,
1731 552 2037 622 auribusse-

325 623 462 676 dens.
537 623 622 675 Est
659 622 802 676 enim
839 622 1084 693 quaedam
1122 621 1187 674 ad
1219 621 1461 674 auditum
1485 621 1904 686 accommodata,
1930 641 2038 676 non

323 692 715 764 magnitudine,
761 694 847 746 sed
897 694 1231 763 proprietate,
1274 692 1340 744 ad
1387 692 1492 745 hoc
1537 692 1683 746 velut
1726 693 2037 758 trafitabilis,

322 763 509 834 utique
534 763 737 817 habens
762 781 948 815 omnes
974 764 1027 815 in
1056 764 1123 828 se,
1147 763 1239 835 qui
1265 762 1635 827 desiderantur,
1663 764 1834 828 sonOS,
1859 763 2037 816 inten-

318 834 609 906 tionesque,
645 845 700 886 et
737 844 828 886 toto
868 838 950 902 (ut
984 834 1157 899 aiunt)
1201 854 1383 906 organo
1421 834 1699 887 instrueta:
1741 835 1825 886 cui
1869 834 2040 886 aderit

318 902 498 958 lateris
538 905 773 969 firmitaS,
799 903 1015 976 spiritus
1049 923 1171 958 cum
1210 904 1375 975 spatio
1415 904 1672 976 pertinax,
1706 915 1820 957 turn
1867 905 2036 957 labori

321 994 428 1027 non
469 974 623 1028 facile
665 974 906 1029 cessurus,
980 977 1176 1046 Neque
1212 974 1555 1045 graviffimuS,
1585 986 1684 1027 ut‘i
1724 977 1777 1027 in
1816 976 2033 1041 mustea,
2055 993 2122 1044 41

320 1047 494 1110 sonuS,
521 1063 619 1099 nec
642 1045 959 1098 acutiffimus
992 1046 1321 1099 orationibus
1358 1046 1624 1099 convenit.
1698 1046 1840 1097 Nam
1865 1057 1921 1098 et
1943 1046 2036 1100 hic

319 1134 506 1187 parum
542 1116 732 1182 clarus»,
761 1116 1094 1187 nimiumque
1127 1117 1336 1188 plenuS,
1375 1117 1587 1169 nullum
1626 1116 1806 1168 afferre
1841 1117 2036 1171 animis

319 1194 524 1240 motum
552 1189 752 1258 potest:
791 1198 878 1240 etr
904 1186 1319 1258 illepraetenuiS,
1348 1197 1404 1239 et
1428 1187 1729 1240 immodicae
1761 1187 2033 1254 claritatiS‚

320 1277 446 1311 cum
470 1260 541 1311 est
565 1258 704 1312 ultra
733 1276 935 1322 verum,
959 1270 1076 1311 tum
1103 1276 1274 1329 neque
1297 1257 1727 1330 pronuntiatione
1749 1259 1909 1324 fleffi,
1937 1278 2031 1312 ne-

319 1347 423 1399 que
448 1329 649 1382 diutius
673 1328 806 1383 ferre
834 1329 1181 1382 intentionem
1210 1330 1392 1399 potest.
1465 1330 1611 1382 Nam
1638 1347 1770 1394 vox,
1786 1339 1846 1382 ut
1870 1331 2033 1394 nervi,
2053 1349 2125 1400 42

319 1409 454 1471 quo³
479 1400 749 1466 remiffior,
777 1400 878 1452 hoc
905 1411 960 1453 et
982 1399 1189 1472 gravior
1211 1410 1265 1452 et
1287 1399 1523 1471 plenior:
1561 1418 1669 1471 quo
1693 1400 1910 1465 tensior,
1928 1400 2032 1454 hoc

318 1471 496 1523 tenuis
522 1485 576 1524 et
599 1482 754 1524 acuta
775 1471 948 1542 magis
973 1471 1061 1524 est.
1137 1469 1223 1523 Sic
1261 1470 1369 1522 ima
1403 1470 1511 1522 vim
1539 1489 1644 1522 non
1678 1470 1860 1536 habet,
1889 1472 2032 1524 sum-

317 1560 407 1594 ma
432 1542 602 1613 rumpi
630 1542 975 1614 periclitatur.
1049 1541 1249 1594 Mediis
1273 1541 1438 1613 igitur
1473 1540 1735 1594 utendum
1761 1542 1916 1607 sonis,
1942 1542 2029 1595 hi-

303 1615 470 1682 'que‘,
497 1631 618 1666 cum
645 1612 888 1684 augenda
923 1612 1151 1665 intentio
1185 1613 1274 1677 est,
1302 1611 1563 1665 excitandi
1589 1633 1604 1664 ε
1643 1630 1766 1665 cum
1803 1613 2030 1666 submit-

316 1684 497 1748 tenda,
519 1683 636 1736 sunt
661 1683 1011 1754 temperandi.
1085 1684 1234 1735 Nam
1265 1683 1436 1754 prima
1469 1683 1541 1735 est
1572 1682 1865 1736 observatio
1888 1685 2030 1738 reete
2050 1701 2119 1757 43

313 1754 707 1824 pronuntiandi,
731 1753 1019 1836 aequalitas,
1045 1771 1112 1806 ne
1134 1753 1302 1806 sermo
1324 1753 1579 1806 subsultet
1601 1753 1889 1825 imparibus
1911 1756 1941 1807 s
1969 1774 2028 1808 a·

311 1825 399 1876 tiis
436 1843 498 1877 ac
534 1824 690 1891 soniS,
718 1826 950 1879 miscens*
976 1825 1138 1895 longa
1171 1824 1438 1890 brevibuS,
1463 1825 1642 1895 gravia
1676 1826 1865 1892 acutis,
1893 1845 1922 1879 e
1945 1837 2031 1881 ata

310 1895 600 1950 submiffis:
641 1907 695 1948 et
730 1896 1091 1975 inaequalitate
1125 1895 1317 1949 horum
1355 1896 1617 1963 omnium,
1646 1895 1775 1950 ficut
1807 1897 2028 1970 pedum,

368 2067 392 2113 ἶ
419 2064 500 2104 lata
519 2065 608 2116 conj.
629 2066 723 2105 Bur.
743 2065 835 2104 foris
854 2060 904 2103 G.
927 2079 964 2105 2.
986 2074 1021 2104 et
1040 2066 1172 2117 Kapp.
1297 2073 1317 2103 (ι
1347 2073 1485 2105 autem
1504 2065 1555 2104 G.
1572 2065 1679 2106 Jens.
1735 2048 1737 2051 Ι
1805 2070 1822 2091 ¹’
1851 2074 1892 2110 et
1910 2059 2030 2106 ille-4

313 2119 438 2171 potest
455 2133 523 2159 om.
543 2120 595 2159 G.
705 2125 719 2144 ⁸
751 2127 837 2158 tam
852 2120 958 2158 Jens.
1067 2126 1079 2145 t
1112 2121 1138 2158 ii
1158 2130 1317 2170 quoque
1335 2118 1387 2159 id.

1267 2268 1342 2305 40.
1391 2261 1469 2296 toto
1501 2268 1651 2310 organo
1681 2253 1895 2312 instrum]
1944 2252 2027 2300 Cui

1207 2325 1290 2354 non
1320 2327 1428 2355 unus
1460 2313 1583 2354 modo
1613 2322 1738 2369 atque
1771 2313 1873 2355 alter
1905 2314 2028 2357 sonus

1207 2370 1276 2412 res
1297 2371 1460 2421 ondeat,
1489 2369 1555 2412 sed
1589 2371 1827 2427 quicunque
1860 2371 1954 2414 sunt
1984 2374 2026 2416 in

1263 2386 1475 2485 sschordo,
1495 2427 1559 2470 vel
1587 2428 1829 2486 hydraulico
1853 2444 2026 2488 organo,

370 2268 445 2305 40.
476 2267 645 2310 magna,
663 2254 806 2308 beata]
839 2253 1038 2312 Displicet
1057 2253 1129 2296 he·

311 2320 387 2354 ata
426 2327 506 2354 vox
540 2314 628 2359 viro
660 2311 950 2366 celeberrim03
995 2313 1129 2354 latam

311 2370 405 2412 ideo
418 2369 646 2412 substituit:
670 2372 711 2413 in
727 2386 810 2428 quo
823 2370 924 2413 illud
940 2371 1044 2413 mihi
1065 2371 1128 2413 vi-

312 2428 487 2469 debatur
504 2427 694 2480 dubium,
709 2430 821 2485 quod
835 2428 964 2471 latum
981 2429 1053 2470 ubi
1075 2428 1127 2471 ad
1207 2443 1261 2485 po

313 2499 451 2527 vocem
482 2496 520 2528 et
544 2488 917 2543 pronuntiationem
938 2485 1125 2536 refertur,

309 2543 353 2585 in
373 2543 476 2584 vitio
497 2545 634 2600 potius
665 2545 781 2600 ponit
803 2545 932 2586 noster
952 2544 1069 2601 supra
1091 2544 1122 2586 s.

304 2616 385 2643 ιο.
407 2601 564 2642 Deinde
583 2600 743 2643 beatum
762 2603 812 2644 ad
837 2603 970 2645 laetam
992 2616 1124 2658 quan-

307 2659 405 2700 dam
439 2659 666 2700 ubertatem
699 2658 1021 2716 significandam,
1055 2675 1124 2702 ex-

308 2715 630 2772 cludendamque
650 2717 828 2774 inopiam
849 2728 921 2760 aut
948 2719 1124 2760 tenuita-

308 2783 391 2816 tem
425 2775 637 2831 pertinere,
668 2777 791 2816 etiam
829 2776 903 2818 ubi
937 2777 988 2818 de
1025 2790 1125 2818 voce

307 2830 435 2874 sermo
455 2830 523 2881 est,
545 2831 647 2888 posse
669 2832 886 2875 videbatur
905 2852 915 2875 z
951 2843 995 2876 ut
1025 2833 1125 2875 adeo

307 2889 432 2930 beata
471 2903 550 2930 vox
587 2889 750 2932 dicatur
787 2901 833 2932 ut
859 2890 976 2945 felix
1011 2890 1125 2946 inge-

306 2947 435 2997 nium,
461 2961 555 3001 quae
584 2948 757 2989 virtutes
787 2962 926 2990 omnes
960 2949 1122 2998 habeat,

305 3018 402 3062 quae
430 3003 601 3048 sufficiat
630 3019 712 3047 nna
740 3007 931 3048 omnibus
959 3016 1123 3048 conten-

293 3063 510 3111 'tionibus,
557 3062 868 3110 remiffionibus‚
914 3079 1008 3120 quae
1055 3079 1122 3106 ea·

304 3122 415 3170 dem,
445 3129 567 3179 prout
596 3134 718 3178 opus,
738 3119 783 3163 fit
813 3130 934 3164 acuta
962 3130 1002 3164 et
1026 3137 1121 3179 gra-

304 3179 367 3221 vis
390 3179 470 3221 διο,

364 3253 437 3288 40.
487 3235 654 3279 auribus
686 3236 853 3293 fidens]
906 3238 1012 3297 Qae
1051 3236 1121 3279 sua

305 3296 503 3337 suavitate
527 3294 576 3335 fic
604 3293 788 3336 demulfit
809 3294 1052 3345 auditorem,
1073 3305 1120 3337 ut

302 3354 427 3395 etiam
458 3354 541 3409 post
559 3352 718 3394 dicendi
749 3351 888 3402 finem,
908 3352 1050 3394 audire
1068 3351 1118 3395 il·

303 3411 386 3453 lam
425 3409 498 3452 fibi
535 3410 738 3460 videatur,
770 3410 1116 3476 quemadmodum

303 3469 372 3511 ille
403 3467 568 3523 Nigrini
598 3468 796 3510 Luciane1
827 3467 992 3509 auditor
1011 3482 1050 3508 c.
1075 3483 1117 3519 7,

302 3530 370 3569 Τῆς
391 3529 506 3569 emit,
530 3526 679 3582 inquit,
698 3525 712 3562 ὅ
740 3524 826 3578 ’ἦχος
842 3525 876 3563 ἓν
898 3527 976 3570 ταῖς
997 3527 1119 3582 ςἰἐσαῖς

298 3577 516 3638 'upupis-0

1208 2487 1296 2527 toni
1326 2497 1507 2544 pareant.
1555 2486 1655 2528 Vid.
1691 2503 1760 2536 11,
1786 2501 1825 2539 3,
1851 2490 1925 2538 16,
1951 2490 2027 2532 ubi

1208 2545 1332 2586 tubos
1362 2543 1556 2600 quosdam
1585 2543 1649 2586 vel
1679 2545 1802 2587 tibias
1831 2544 2026 2604 intelligi,

1207 2616 1278 2658 per
1297 2617 1400 2659 quas
1421 2602 1586 2660 spiritus
1604 2613 1725 2652 meet,
1742 2613 1928 2659 apertum
1948 2605 2022 2648 est:

1206 2659 1377 2702 seffione
1423 2674 1518 2703 vero
1570 2663 1668 2715 169,
1707 2675 1905 2717 organum
1952 2662 2026 2706 effe

1207 2717 1372 2773 systema
1393 2717 1576 2775 plurium
1595 2718 1798 2761 sonorum.
1845 2719 2026 2778 Ele-gans

1207 2775 1460 2819 Tertulliani
1505 2776 1725 2834 descriptio
1768 2792 1818 2819 ex
1856 2777 1932 2820 lib.
1973 2779 2026 2822 de

1206 2833 1367 2876 Anima
1400 2849 1438 2876 c.
1466 2848 1536 2886 14,
1569 2834 1695 2876 etiarn
1733 2834 1799 2877 hic
1830 2833 2019 2891 legatur:

1206 2891 1351 2946 Spebla
1379 2891 1738 2947 portentosiffimam
1776 2892 2026 2938 Archimedis

1204 2948 1529 3003 munificentiam,
1543 2964 1736 3005 organum
1750 2949 2023 3008 lgydraulicum

1203 3005 1306 3056 dico,
1343 3014 1400 3048 tot
1436 3007 1633 3056 membra,
1671 3016 1726 3049 tot
1768 3016 1925 3064 partes,
1965 3019 2023 3054 tot

1203 3063 1469 3120 compagines,
1501 3073 1557 3106 tot
1585 3064 1737 3107 itinera
1768 3081 1931 3118 «vocum,
1965 3077 2023 3112 tot

1203 3122 1434 3177 compendia
1457 3124 1663 3180 anorum,
1696 3131 1753 3165 tot
1789 3126 2024 3168 commercia

1203 3181 1420 3229 modorum,
1440 3189 1497 3238 tot
1513 3179 1620 3223 acies
1646 3180 1857 3232 tibiarum,
1879 3190 1919 3224 et
1935 3185 2022 3228 un'a

1205 3235 1323 3279 moles
1339 3246 1459 3280 erunt
1477 3238 1623 3279 omnia.
1650 3239 1830 3281 Ctefibio
1849 3240 2019 3292 tribuit,

1203 3303 1243 3334 et
1264 3296 1447 3337 nominat
1467 3296 1575 3338 Plin.
1601 3311 1642 3348 7,
1663 3311 1732 3349 37,
1755 3297 1784 3338 s.
1811 3301 1880 3350 38,
1902 3310 1941 3340 et
1962 3299 2018 3342 le-

1201 3363 1358 3407 guntur
1386 3353 1506 3395 hodie
1534 3355 1855 3398 machinationes
1882 3356 1924 3400 id
1945 3372 2018 3413 ge-

1202 3423 1278 3451 nus
1300 3411 1340 3452 in
1361 3411 1550 3468 discipuli
1571 3411 1683 3453 illius
1702 3413 1879 3455 Heronis
1900 3414 2018 3472 spiri-

1202 3466 1354 3509 talibus
1376 3469 1417 3509 in
1440 3469 1535 3512 fine.
1573 3469 1761 3512 Poeticas
1780 3471 2018 3527 descriptio-

1201 3538 1268 3567 nes
1308 3525 1655 3583 suppeditavimus
1692 3528 1742 3568 ad
1787 3528 2014 3576 Chre-stom.

1200 3582 1310 3626 Plin.
1332 3597 1406 3637 47.
1429 3598 1472 3628 n.
1501 3600 1568 3628 12.
1591 3600 1635 3642 p.
1657 3598 1759 3638 404.
