2320 4030
247 323 341 374 250
627 305 703 355 Μ’.
739 304 948 354 FABII
988 298 1574 352 QUINCTILIANI

237 443 523 517 figentibus,
571 441 790 507 acribus,
841 440 1087 512 insignitis
1106 446 1143 506 ‘,
1183 456 1299 513 quae
1344 458 1608 503 occurrere,
1656 437 1981 511 celeriterque
2006 471 2010 476 -

232 521 527 590 ῥενοιιέενεῑ*
551 514 770 567 animum
798 512 1010 586 pqffintss'
1069 513 1200 566 Quo
1233 510 1407 582 magis
1445 509 1626 574 miror,
1653 528 1764 581 quo
1799 511 1971 564 modo

240 586 586 642 Metrodorus
627 585 682 638 i'n
729 601 835 638 ΧΠ
879 583 909 636 fi
956 583 1056 647 ηἰε,
1086 599 1179 654 per
1212 598 1333 652 quae
1371 580 1464 634 Sol
1499 591 1661 646 meat,
1687 589 1969 634 trecenos*

239 670 295 711 et
319 658 605 730 sexagenos
630 655 890 710 invenerit
937 673 1084 707 ocos,
1150 652 1377 708 Vanitas
1400 652 1654 705 nimirum
1677 651 1782 706 fuit
1805 662 1967 724 atque
1991 651 2063 720 23‘

229 729 454 802 jaEtatio
478 728 617 781 'circa
651 725 966 780 memoriam
991 725 1173 778 suam*
1207 723 1388 796 potius
1423 735 1556 788 arte,
1583 741 1742 793 quam
1781 733 1970 776 natura

237 798 534 872 gloriantiS.
608 797 873 870 Equidem
896 796 1013 849 haec
1037 795 1103 848 ad
1133 794 1380 867 quaedam
1406 794 1640 866 prodeffe
1665 810 1772 847 non
1800 811 1968 876 nega-

239 871 428 934 verim,
472 879 535 923 ut
570 868 613 923 fi·
646 884 823 922 rerum
865 867 1084 920 nomina
1121 865 1314 932 multa,
1354 883 1449 936 per
1485 865 1725 937 ordinem
1766 865 1970 928 audita,

237 941 508 995 reddenda
545 941 658 992 fint.
732 938 987 1010 Namque
1023 937 1078 989 in
1117 937 1202 1002 iis,
1228 955 1349 1009 quae
1372 935 1694 1001 didicerunt,
1721 932 1858 990 locis
1881 954 1969 989 re-

239 1023 448 1084 ponunt
470 1028 552 1064 res
577 1011 713 1074 iliae,
739 1010 970 1082 mensam,
998 1020 1061 1061 ut
1091 1008 1198 1061 hoc
1220 1019 1359 1074 utar,
1386 1007 1441 1059 in
1471 1005 1725 1079 vestibulo,
1750 1008 1805 1059 in
1841 1007 1974 1061 atrio

235 1082 506 1156 pulvinum
522 1092 560 1149 ὃ,
581 1092 638 1134 et
663 1081 730 1133 fic
753 1090 929 1134 cetera
952 1101 966 1133 z
1005 1079 1199 1132 deinde
1222 1078 1520 1152 relegentes
1545 1078 1843 1141 inveniunt,
1870 1077 1969 1131 ubi

241 1155 527 1225 posuerint.
599 1154 670 1204 Et
707 1150 915 1206 forfitan
941 1151 1012 1205 in
1049 1150 1154 1203 hoc
1189 1150 1309 1204 sunt
1346 1148 1533 1221 adjuti,
1570 1149 1684 1220 qui,
1722 1148 1970 1203 autffione
1994 1162 2064 1216 24

241 1224 465 1292 dimiffa,
492 1223 624 1296 quid
664 1223 857 1294 cuique
894 1221 1259 1286 vendidissent,
1294 1220 1512 1274 testibus
1549 1238 1606 1272 ar
1647 1220 1970 1276 entariorum

241 1296 437 1350 tabulis
460 1294 824 1349 reddiderunt.
895 1293 1061 1348 Quod
1084 1291 1365 1366 praestitifl'e
1389 1293 1598 1345 Horten
1621 1310 1732 1344 ium
1759 1291 1971 1346 dicunt.
2053 1319 2060 1323 ·

241 1367 431 1421 Minus
462 1366 605 1420 idem
638 1365 875 1438 proderit
903 1364 958 1417 in
997 1363 1310 1430 ediscendiS,
1337 1382 1458 1434 quae
1496 1362 1751 1416 orationis
1781 1380 1970 1436 perpe-

243 1451 353 1493 tuae
378 1449 553 1492 erunt.
615 1438 758 1492 Nam
786 1447 841 1489 et
864 1435 1037 1489 sensus
1063 1453 1171 1489 non
1195 1435 1440 1489 eamdem
1464 1433 1780 1506 imaginem,
1807 1451 1973 1508 quam

242 1529 346 1576 τες,
372 1510 592 1574 habent,
619 1527 745 1562 cum
785 1506 1012 1560 alterum
1055 1506 1367 1580 fingendum
1411 1506 1508 1559 fitz
1553 1517 1611 1559 et
1648 1505 1841 1560 horum
1882 1516 1970 1561 ta-

244 1598 368 1634 men
395 1582 731 1652 utcumqueb
767 1589 1112 1632 commonet:
1151 1577 1240 1632 sed
1261 1587 1280 1612 ⁰
1315 1576 1571 1630 sermonis
1609 1575 1835 1650 alicujus
1869 1577 1968 1631 ha-

243 1653 347 1706 biti
363 1652 386 1685 ‘¹
412 1653 694 1704 verborum
733 1659 1014 1703 contextus
1045 1649 1232 1703 eadem
1257 1659 1371 1702 arte
1405 1666 1514 1732 quo
1537 1648 1702 1701 modo
1727 1666 1970 1720 compre-

242 1714 507 1777 hendetur
525 1733 544 1755 ⁶
570 1725 587 1775 ?
629 1721 816 1787 Mitto,
842 1720 988 1792 quod
1012 1721 1261 1794 quaedam
1298 1719 1461 1773 nullis
1498 1719 1785 1772 simulacris
1809 1720 1969 1792 figni-
1994 1721 2076 1789 23*

245 1794 389 1848 ficari
411 1794 638 1867 poffunt,
664 1802 727 1846 ut
759 1803 918 1847 certae
940 1794 953 1823 f
978 1790 1403 1867 conjuneiiones.
1477 1791 1792 1846 Habeamus
1826 1791 1972 1847 enim

1781 1965 1799 1987 ²
1831 1962 1900 2002 sua
1919 1962 1974 2004 G.
2053 1959 2059 1965 ’

1691 2021 1707 2041 ⁶
1739 2016 1779 2055 Si
1802 2017 1853 2056 G.
1874 2028 1974 2058 cum

1714 2069 1732 2100 f
1759 2080 1900 2112 ceterae
1918 2072 1974 2118 id.

298 1964 313 1988 ῑ
343 1961 615 2013 insignitisque
631 1961 682 2000 id.

241 2020 261 2040 “
295 2017 493 2067 populum
513 2016 564 2055 G.

244 2071 310 2121 irps.
332 2073 383 2110 G.
401 2071 507 2110 Jens.

242 2125 325 2163 vid.
345 2124 416 2177 leg.
438 2131 559 2164 certe.

794 1966 815 1987 ¹¹
848 1973 1070 2013 percurrere
1089 1961 1141 2001 G.
1159 1960 1265 2001 Jens.
1348 1967 1372 1992 ¹
1399 1961 1572 2000 tricenos
1589 1960 1697 2001 Jens.

692 2013 709 2040 b
744 2013 804 2054 Sic
822 2015 1029 2055 emendavi.
1059 2017 1215 2056 Editum
1233 2023 1314 2054 erat
1331 2023 1566 2066 utrumque.

638 2070 656 2097 ἅ
687 2069 829 2111 habitu
849 2070 917 2110 iid.
1051 2075 1068 2096 ⁸
1101 2071 1456 2123 comprehenditur
1472 2065 1578 2110 Jens.

303 2287 378 2325 ²4·
409 2270 680 2330 Hortetyfiem]
712 2273 862 2316 Seneca
884 2287 1064 2332 prooem.

246 2331 448 2374 controv.
468 2333 580 2391 quod
613 2337 751 2374 totum
779 2334 831 2374 ad
862 2332 971 2375 hunc
1003 2331 1064 2374 lo-

246 2405 341 2432 cum
373 2390 586 2447 pertinere,
617 2390 701 2444 jam
736 2388 962 2433 indicatum
992 2389 1063 2433 est.

1147 2272 1270 2317 cilius
1289 2273 1343 2318 est
1362 2283 1481 2318 notas
1500 2288 1641 2317 eorum
1660 2274 1892 2332 excogitare
1911 2275 1974 2321 ita

1146 2331 1219 2375 sim
1253 2332 1366 2384 lices,
1414 2343 1464 2375 ut
1504 2332 1631 2392 *facile
1682 2333 1973 2393 comprehendi

1149 2406 1200 2448 po
1233 2401 1292 2438 int
1321 2392 1534 2442 memoria,
1557 2392 1616 2433 ita
1636 2399 1807 2448 ,agentes
1826 2401 1866 2435 et
1885 2390 1971 2436 effi-

243 2448 410 2490 Laudat
429 2447 587 2505 alioqui
601 2448 839 2490 memoriam
860 2447 1066 2491 Hortensii

246 2513 407 2547 tantam
433 2513 630 2562 quantam
658 2505 702 2547 in
732 2505 809 2548 ullo
828 2505 1066 2562 cognovgffet

246 2562 439 2619 pluribus
458 2565 594 2606 verbis
613 2564 711 2607 Cic.
733 2564 866 2608 Bruto
886 2581 924 2606 c.
948 2568 1020 2607 88.

308 2636 382 2674 24.
412 2630 620 2679 utcumque
637 2623 870 2677 commonet]
902 2624 951 2665 In
971 2638 1065 2666 ora-

244 2680 357 2721 tione
384 2689 578 2738 perpetua
605 2680 829 2732 ediscenda,
856 2681 964 2723 ratio
991 2681 1064 2724 ha-

247 2737 335 2779 beri
354 2737 476 2780 debet
494 2747 640 2796 praeter
657 2750 743 2781 rem
765 2738 818 2781 de
835 2753 920 2795 qua
938 2738 1068 2782 sermo

246 2795 511 2852 est,fi’nsuum
560 2811 698 2854 uoque
719 2798 761 2840 h.
784 2811 822 2839 e.
852 2797 1066 2840 sententia-

249 2868 357 2903 rum,
377 2863 417 2896 et
446 2869 532 2896 ver
557 2865 687 2897 orum.
736 2854 967 2901 Meminisse
994 2857 1066 2899 de·

248 2912 334 2961 bet,
355 2911 430 2969 qui
492 2912 602 2955 rodit
631 2913 684 2957 ad
717 2913 953 2962 dicendum,
986 2927 1068 2957 non

248 2969 374 3012 modo
393 2970 443 3011 de
485 2969 555 3012 ello
573 2969 648 3014 fibi
670 2972 894 3014 orationem
916 2971 1067 3014 haben·

246 3028 343 3071 dam
363 3026 465 3081 effe3
496 3028 619 3082 hujus
636 3027 743 3072 forte
760 3029 818 3072 rei
838 3027 954 3071 illum
970 3029 1068 3086 gla-

247 3086 355 3136 dius,
385 3085 430 3128 in
462 3085 737 3130 loculamento
770 3087 951 3144 quodam
982 3102 1068 3130 me-

248 3144 393 3186 moriae
439 3158 481 3186 re
535 3143 649 3196 situs,
696 3144 913 3188 admoneat
937 3163 947 3187 ι
1002 3146 1069 3190 std

247 3204 372 3244 etiam
389 3160 534 3260 fi’nffi
547 3202 610 3246 illi
665 3203 778 3246 raesto
797 3202 869 3246 effe
887 3204 1066 3259 debent;

248 3259 488 3317 hifingendi
504 3261 559 3303 ab
578 3261 591 3302 i
624 3218 665 3303 (fo
678 3262 780 3320 sunt
797 3271 973 3313 oratore,
996 3278 1068 3305 co-

246 3318 484 3374 gitandum,
503 3319 577 3376 qui
635 3319 686 3362 de
707 3334 959 3377 unoquoque
964 3320 1066 3376 sub-

234 3377 345 3431 jeblo
393 3376 639 3432 (loquamur
684 3378 793 3420 enim
831 3377 1063 3435 dialeffice)

245 3433 541 3476 adfiimaturus
579 3435 642 3486 sit,
679 3435 782 3492 quid
821 3447 1063 3493 negaturus.

247 3493 309 3534 Hi
337 3493 423 3545 jam
443 3493 584 3549 sensus
611 3507 690 3535 non
721 3494 888 3536 eandem
915 3495 1066 3552 imagi·
1095 3534 1105 3541 f

244 3562 355 3603 nem,
375 3563 501 3609 quam
521 3565 582 3594 res
614 3551 796 3606 habent5
827 3562 934 3596 certe
956 3552 1066 3597 diffr-

1147 2463 1279 2500 caces,
1300 2459 1346 2491 ut
1377 2449 1525 2492 feriant
1555 2450 1739 2492 animum
1763 2468 1775 2491 ι
1810 2448 1878 2492 sed
1906 2460 1971 2492 ta·

1147 2522 1240 2550 men
1278 2516 1504 2565 utcumque,
1538 2508 1566 2552 si
1602 2522 1684 2550 non
1715 2518 1826 2567 apte,
1856 2523 1971 2551 com·

1147 2565 1284 2616 mode,
1318 2564 1467 2620 facile3
1514 2566 1656 2623 aliquo
1689 2578 1796 2610 certe
1828 2567 1972 2619 modo,

1133 2625 1324 2682 finsuum
1358 2627 1484 2667 etiam
1523 2632 1737 2667 commonet
1773 2639 1839 2667 ars
1879 2625 1970 2670 ista.

1150 2683 1304 2724 Verum
1343 2684 1550 2727 enimvero
1581 2681 1728 2725 verbis
1762 2683 1869 2740 quid
1906 2682 1971 2726 fa-

1147 2740 1304 2783 ciemus
1322 2746 1337 2783 ?
1367 2741 1566 2785 horumne
1592 2750 1810 2784 contextus
1830 2742 1973 2789 eadem

1148 2809 1234 2841 arte
1253 2799 1647 2857 comprehendetur?
1690 2800 1796 2842 Haec
1816 2800 1971 2844 senten·

1149 2857 1208 2899 tia
1242 2857 1363 2899 Fabii
1398 2857 1425 2900 fi
1459 2859 1582 2908 bona,
1613 2870 1725 2907 vera,
1757 2859 1973 2904 commode

1147 2915 1384 2968 enuntiata3
1417 2917 1626 2973 ignoscent
1647 2916 1765 2959 nobis
1784 2916 1973 2969 leetores,

1150 2987 1246 3015 cum
1266 2974 1382 3032 apice
1399 2975 1471 3016 vix
1491 2974 1712 3016 immutato
1729 2989 1803 3031 pro
1820 2983 1979 3019 utrum.

1150 3044 1239 3088 que,
1268 3032 1378 3088 quod
1414 3031 1543 3075 libros
1572 3044 1714 3075 omnes
1743 3033 1971 3086 obsederat,

1150 3090 1473 3146 turbaveratque
1500 3091 1742 3140 orationem,
1761 3100 1974 3150 utcumque

1149 3147 1430 3204 reposuimusz
1461 3149 1583 3206 quale
1602 3147 1707 3205 quid
1730 3151 1817 3202 jam
1838 3161 1973 3194 tenta-

1149 3206 1287 3247 vimus
1324 3222 1393 3256 10,
1415 3209 1458 3257 6,
1481 3223 1523 3259 7.
1561 3207 1658 3249 add.
1693 3223 1764 3258 11,
1801 3224 1842 3262 3,
1868 3224 1970 3252 101.

1148 3262 1376 3306 placebant
1396 3265 1468 3307 ista
1491 3264 1726 3308 Werlhofio
1745 3267 1886 3318 etiam,
1900 3268 1973 3310 cui

1148 3335 1214 3364 me
1232 3336 1404 3379 meaque
1423 3323 1580 3382 placere
1597 3325 1739 3367 omnia
1758 3324 1974 3368 vehemen.

1150 3388 1211 3422 ter
1229 3395 1279 3422 cu
1284 3381 1371 3438 pio.

1210 3453 1283 3492 ²5·
1327 3438 1638 3495 conjunaiones]
1683 3439 1776 3484 Sive
1814 3442 1972 3484 Gram-

1150 3496 1301 3538 niatice
1319 3497 1498 3553 accipias
1525 3497 1630 3541 hanc
1648 3511 1810 3550 vocem,
1827 3514 1972 3542 verum

1149 3554 1236 3609 est,
1284 3555 1340 3600 da
1374 3555 1482 3601 mihi
1518 3557 1629 3605 enim
1677 3566 1837 3610 notam,
1876 3572 1975 3616 qua
