2320 4030
604 332 887 411 ms‘rm
924 335 1268 387 ORATOR.
1305 313 1442 388 1ss1133
1477 339 1567 390 xi.
1599 354 1643 390 1.
1887 354 1992 404 243

258 471 563 528 faciendum
603 474 713 528 filio
750 471 917 540 fuisse,
956 494 1026 528 ne
1060 485 1338 528 renovaret
1375 475 1571 530 domus
1610 474 1892 548 pudorem,
1935 488 1994 531 et

256 547 595 616 exprobraret
636 546 772 618 patri
810 546 1062 617 nuptia33
1120 544 1280 600 matri
1323 547 1511 619 prioris
1548 546 1674 600 vitae
1713 548 1989 612 necestita-

259 619 410 668 temss
450 617 786 688 nerdenique
822 616 874 669 Ie
914 636 1002 672 ern
1042 616 1333 690 quamdam
1369 617 1474 670 suis
1511 637 1726 690 quoque
1766 618 1991 676 subinde

256 682 439 740 liberis
464 687 651 741 daret:
691 699 747 740 et
781 706 869 740 cre
909 687 1050 741 ibilis
1082 687 1185 741 erit
1211 688 1375 741 etiam
1415 689 1627 761 propria
1661 689 1907 763 quaedam
1933 689 1991 743 in

255 755 349 810 illa
380 759 658 812 meretrice
695 757 991 830 turpitudo,
1016 775 1177 829 quam
1217 778 1361 813 nunc
1398 758 1490 813 hio
1520 772 1670 831 pater
1704 760 1843 813 ferre
1882 779 1989 833 non

254 827 425 899 poffit.
498 829 623 882 Alia
647 842 901 902 praetereo
921 841 959 883 ε,
1035 830 1230 902 Neque
1255 830 1400 883 enim
1429 850 1575 885 nunc
1605 830 1990 898 declamamus,

254 898 343 952 sed
367 901 710 967 ostendimus,
740 901 1322 973 nonnumquamvpoffe
1356 901 1475 974 ipfis
1511 901 1870 968 incommodis
1904 902 1990 956 di-

164 964 239 1034 84
255 981 467 1035 centem
510 974 647 1026 bene
687 972 788 1025 uti.
865 972 985 1026 Illic
1023 971 1193 1044 major
1232 974 1399 1039 aestUS,
1442 974 1535 1027 ubi
1576 975 1698 1046 quis
1741 974 1991 1046 pudenda

292 1041 515 1111 ueritur,
543 1057 603 1098 ut
629 1045 880 1116 stuprum,
905 1044 1172 1116 praecipue
1192 1043 1210 1075 f
1232 1044 1290 1097 in
1319 1045 1552 1098 maribus
1573 1067 1585 1098 ε
1625 1057 1753 1098 autg
1778 1063 1839 1098 os
1862 1065 1988 1118 pro-

275 1125 515 1168 anatum.
590 1116 719 1170 Non
748 1115 888 1180 dico,
914 1116 946 1168 fi
985 1114 1234 1187 loquatur
1257 1115 1382 1187 ipse,
1410 1121 1556 1184 (nam
1588 1115 1720 1189 quid
1745 1117 1890 1170 aliud
1914 1116 1986 1181 ei,

253 1203 413 1256 quam
450 1187 686 1258 gemitus
723 1206 784 1240 ac
820 1187 995 1251 fletuS,
1021 1187 1112 1240 eth
1149 1187 1434 1240 exsecratio
1472 1189 1594 1241 vitae
1631 1189 1984 1242 conveniati?

252 1266 317 1308 ut
347 1255 519 1328 judex
559 1257 830 1331 intelligat
866 1258 1044 1330 potius
1085 1257 1326 1311 dolorem
1362 1259 1536 1326 illum,
1573 1279 1734 1330 quarn
1776 1260 1981 1327 audiat)

253 1327 342 1380 sed
366 1339 589 1399 patrono
615 1349 833 1402 quoque
869 1347 964 1400 per
989 1327 1180 1400 similes
1205 1329 1426 1383 affectus
1450 1331 1687 1383 eundum
1714 1331 1834 1397 erit,
1861 1330 1990 1403 quia

252 1397 360 1452 hoe
384 1399 593 1471 injuriae
617 1401 629 1433 ¹
656 1419 828 1474 genus
849 1411 882 1434 ¹¹¹
913 1400 1267 1454 verecundius
1293 1401 1422 1454 inest
1446 1401 1618 1473 paffi3‚
1646 1421 1808 1474 quam
1834 1403 1987 1456 ausis·

163 1466 230 1540 85
253 1469 556 1526 Mollienda
589 1473 661 1525 est
686 1473 752 1537 ,in
790 1471 1045 1544 plerisque
1081 1464 1186 1525 alio
1222 1471 1401 1529 colore
1436 1473 1684 1545 asperitas
1711 1474 1990 1541 orationis,

250 1551 315 1595 ut
340 1542 532 1597 Cicero
557 1543 625 1598 de
659 1543 1064 1616 proscriptorum
1088 1543 1269 1597 liberis
1293 1543 1442 1597 fecit.
1518 1545 1670 1598 Quid
1693 1545 1838 1598 enim
1864 1564 1988 1600 cru—

249 1611 442 1681 delius,
502 1635 619 1668 uam
644 1615 876 1682 homines,
903 1614 1102 1686 honqstis
1136 1616 1428 1687 parentibus
1452 1637 1512 1669 ac
1535 1617 1801 1690 mqjoribus
1825 1628 1993 1681 natos,

248 1705 285 1738 a
300 1687 462 1810 {gub
485 1688 563 1740 ica
579 1687 919 1759 submoveri?
957 1689 1148 1757 Itaque
1183 1686 1378 1741 durum
1415 1687 1611 1742 idess'e
1633 1688 1870 1743 summus
1894 1687 1989 1742 ille

218 1766 303 1809 ¹tr
385 1758 645 1812 andorum
681 1759 982 1812 animorum
1020 1756 1211 1812 artifex
1247 1759 1570 1813 confitetur:
1610 1759 1698 1813 sed
1734 1759 1810 1812 ita
1843 1761 1895 1814 le
1941 1760 1988 1814 i-

248 1828 353 1892 bus
378 1829 542 1882 Sullae
567 1831 834 1884 cohaerere
857 1839 876 1863 ¹²
904 1830 1091 1883 statum
1117 1828 1348 1884 civitatis
1373 1830 1620 1897 affirmat,
1646 1842 1710 1886 ut
1733 1830 1819 1885 his
1845 1833 1900 1885 so
1925 1852 1989 1886 u-

250 1897 320 1953 tis
347 1901 472 1954 stare
495 1901 604 1974 ipsa
628 1920 736 1954 non
762 1901 935 1974 poffit.
1009 1901 1292 1955 Affecutus
1314 1912 1334 1934 ⁰
1369 1902 1555 1975 itaque
1578 1903 1671 1971 est,
1691 1914 1759 1956 ut
1782 1902 1989 1978 aliquid

249 1988 437 2025 eorum
460 1991 678 2045 quoque
703 1973 874 2027 cauffa
895 1972 1163 2026 videretur
1187 1973 1380 2040 facere,
1403 1985 1590 2027 contra
1610 1993 1744 2046 quos
1761 1973 1984 2029 diceret.

160 2041 232 2094 86
255 2042 402 2097 Illud
438 2045 599 2098 etiam
638 2044 696 2098 in
725 2044 868 2118 jocis
892 2056 914 2088 1'
954 2045 1162 2110 monui,
1195 2064 1356 2116 quam
1394 2045 1566 2117 turpis
1601 2046 1726 2099 effet
1757 2046 1986 2115 fortunae

251 2113 563 2169 insectatio:
602 2127 659 2170 et
684 2134 753 2170 ne
787 2115 842 2168 in
879 2126 1024 2170 totos
1061 2116 1297 2182 ordineS,
1321 2129 1414 2170 aut
1449 2127 1658 2190 genteS,
1684 2129 1778 2171 aut
1814 2137 1990 2200 popu-

253 2185 356 2252 los,
398 2187 694 2259 petulantia
735 2188 1047 2241 incurreret.
1123 2187 1231 2241 Sed
1274 2186 1489 2242 interim
1534 2188 1664 2242 fides
1707 2190 1988 2261 patrocinii

252 2258 405 2330 cogit
441 2259 690 2332 quaedam
733 2259 803 2314 de
844 2259 1088 2313 universo
1125 2277 1324 2331 genere
1361 2260 1663 2331 aliquorum
1699 2261 1986 2315 hominurn

154 2334 156 2337 ’
232 2326 447 2394 dicere,
480 2343 544 2384 ut
582 2330 976 2396 libertinorum,
1010 2330 1096 2386 vel
1137 2331 1392 2396 militum,
1430 2332 1515 2384 vel
1552 2332 1983 2403 publicanorum,

159 2398 225 2468 87
254 2401 336 2454 vel
364 2402 601 2456 simili-ter
622 2402 847 2456 aliorum
868 2423 881 2456 :
921 2402 978 2456 in
1002 2402 1198 2475 quibus
1223 2404 1476 2458 omnibus
1501 2422 1786 2458 commune
1809 2421 1984 2462 reme·

304 2589 322 2608 ‘
355 2593 541 2635 praeterea
560 2583 612 2624 G.
630 2586 737 2624 Jens.
847 2583 864 2612 f
890 2585 1044 2637 proprie
1063 2586 1115 2626 G.
1224 2591 1243 2616 ὅ
1274 2586 1406 2626 honos
1424 2586 1654 2637 profanatus
1669 2587 1775 2626 Jens.
1863 2585 1884 2616 h
1911 2602 1980 2630 om.

252 2639 303 2677 G.
322 2640 428 2678 Jens.
539 2638 551 2668 ἰ
580 2641 825 2686 conveniant
841 2641 947 2680 Jens.
1042 2639 1068 2665 ⁴¹
1100 2655 1167 2679 om.
1188 2640 1240 2679 G„
1351 2646 1382 2664 ⁸¹
1414 2642 1494 2679 hoc
1513 2642 1763 2680 verecundiae
1780 2652 1908 2692 genus
1925 2646 1988 2683 est·

251 2694 303 2731 G.
333 2695 421 2732 Vid.
441 2702 516 2742 παι.
626 2701 644 2718 “
677 2702 857 2733 coercere
877 2696 928 2733 G.
947 2694 1053 2734 Jens.
1163 2695 1186 2717 0
1213 2696 1385 2735 Secutus
1403 2694 1471 2734 iid.
1577 2700 1597 2728 Ρ
1624 2694 1723 2734 locis
1741 2695 1809 2737 iid.

311 2845 385 2894 84.
429 2842 596 2900 injuriae
625 2843 777 2901 genus]
815 2841 917 2885 Vid.
954 2843 1075 2900 supra
1157 2843 1242 2889 Hoc
1263 2843 1574 2900 injuriaegenus
1591 2842 1867 2886 verecundius
1882 2844 1980 2901 inss

252 2901 283 2943 s.
311 2916 380 2955 53.
417 2903 626 2944 Caeterum
656 2913 757 2958 puto
774 2916 914 2944 veram
933 2900 1074 2955 leffio·
1147 2901 1287 2959 paffis,
1305 2916 1428 2959 quam
1448 2901 1567 2956 ausis,
1597 2902 1640 2944 h.
1655 2917 1702 2944 -e.
1735 2915 1806 2943 ma
1839 2903 1874 2945 is
1891 2918 1977 2962 pu-

251 2974 362 3010 ncm,
382 2975 462 3002 non
481 2971 619 3003 tamen
648 2960 725 3002 fine
754 2959 1075 3018 transpositione,
1155 2963 1226 3003 det
1246 2961 1404 3016 injuriae
1426 2959 1571 3018 pulsos,
1593 2974 1720 3017 quam
1740 2917 1873 3004 aupes.
1931 3018 1934 3021 ‚

253 3019 448 3060 servatam
484 3019 657 3070 Gothae,
693 3029 731 3071 et
766 3018 817 3060 sic
856 3018 1074 3075 legendum
1217 3022 1290 3073 85.
1324 3017 1460 3061 Cicero
1476 3018 1527 3059 de
1546 3017 1860 3077 proscriptorum
1875 3018 1977 3063 lib-e-

250 3077 327 3121 ess'e
357 3078 467 3120 hunc
501 3077 663 3129 locum,
693 3076 807 3134 Qia
844 3075 914 3119 hoc
943 3090 1075 3133 genus
1154 3076 1236 3133 ris]
1287 3078 1430 3120 Etiam
1469 3076 1547 3119 hoc
1585 3087 1830 3134 argumento
1866 3076 1976 3124 sum-

253 3135 443 3192 (injuriae
461 3135 638 3193 intelligi
658 3135 801 3201 potest,
823 3146 895 3178 aut
916 3135 1070 3191 puden·
1154 3149 1266 3177 mam
1297 3134 1437 3177 Tullii
1466 3133 1742 3193 eloquentiam
1770 3149 1978 3181 commen-

249 3194 416 3249 dorum)
442 3194 706 3236 verecundzae
734 3193 786 3251 css
806 3193 930 3250 paffis
963 3194 1072 3251 (ma-
1154 3194 1227 3236 dat
1256 3194 1386 3247 major
1419 3192 1530 3251 Plin.
1557 3208 1598 3246 7,
1626 3209 1695 3246 30,
1729 3191 1788 3235 Te
1816 3203 1977 3251 orange,

234 3253 343 3309 *gis*)
362 3266 487 3309 quam
505 3251 627 3306 ausis.
665 3249 831 3311 Elliplis
846 3266 974 3308 quam
998 3265 1072 3293 no·
1149 3250 1460 3310 proscriptorum
1479 3250 1623 3294 liberos
1650 3252 1816 3294 honores
1836 3261 1976 3308 petere

254 3319 390 3352 tamus
417 3310 633 3368 particulae
665 3309 815 3367 magis,
850 3310 922 3352 illa
951 3320 1072 3353 aetate
1147 3309 1312 3366 puduit.
1358 3310 1480 3352 Add.
1515 3309 1631 3352 Plut.
1668 3311 1712 3352 in
1753 3311 1839 3358 vita
1878 3311 1974 3357 Cic.

253 3366 445 3417 solennis,
465 3368 636 3423 (Taciti
658 3367 842 3426 pluscula
860 3367 975 3411 dedit
994 3367 1072 3412 Pe·
1155 3385 1199 3426 p.
1226 3371 1354 3424 1587.
1377 3369 1438 3410 H.
1463 3367 1604 3426 Steph.

252 3426 382 3470 rizon.
402 3426 456 3469 ad
476 3426 614 3468 Sana.
631 3427 874 3480 Minerv04,
898 3442 940 3480 7,
959 3441 1004 3479 4.
1022 3441 1073 3484 p.
1218 3429 1290 3477 86.
1319 3426 1364 3469 in
1382 3425 1488 3482 jocis
1516 3426 1670 3480 monui]
1704 3428 1837 3484 Supra
1866 3429 1908 3480 6,
1935 3427 1975 3481 3',

203 3501 225 3512 ·-
252 3486 380 3540 ⁶93·)
399 3483 647 3528 occasionem
665 3483 940 3542 interpolandi
958 3485 1076 3527 dedit
1158 3487 1231 3528 28.
1261 3485 1313 3535 In
1331 3483 1609 3533 calamitatem
1630 3485 1694 3527 uti
1713 3484 1887 3536 ridicule
1906 3501 1977 3530 ve-

254 3541 454 3587 librariis..
503 3542 650 3587 Nescio
675 3557 727 3585 an
754 3542 923 3594 dixerit,
941 3542 1075 3588 dicere
1158 3552 1219 3584 tat
1237 3543 1362 3585 etiarn
1384 3543 1478 3585 Cic.
1502 3545 1622 3594 Orat.
1646 3558 1683 3587 c.
1711 3546 1782 3585 26.
1851 3548 1854 3555 '

254 3601 372 3643 bonis
403 3600 641 3646 auftoribus
674 3603 872 3658 potuerit,
903 3602 1076 3650 fabium

1177 3673 1262 3712 ΠΖ
