2320 4030
594 256 882 308 INSTIT.
916 253 1264 306 ORATOR.
1301 253 1452 303 LIB.
1475 257 1565 306 IX.
1599 271 1648 318 4.
1892 267 1982 320 153

257 402 582 466 temporum,
608 413 734 466 quae
753 404 788 428 ¹¹⁸
824 393 892 447 ad
916 393 1253 451 orationem*
1295 391 1614 462 pertineant,
1643 398 1854 463 'paeonas
1889 409 1919 445 a

259 466 478 537 pellant.
553 467 641 519 Est
666 478 722 518 et
743 466 1014 530 dwhimm,
1039 463 1132 535 qui
1160 465 1219 516 fit
1244 482 1310 516 ex
1346 463 1544 515 'bacchio
1575 471 1634 515 'et
1658 463 1837 529 iambe,
1866 481 1929 516 ve
1962 465 1987 488 ⁰

256 538 420 591 ¹iambo
444 548 501 590 et
526 538 713 602 cretico,
741 536 934 589 stabilis
966 537 1020 588 in
1047 535 1312 599 clausulis5
1341 545 1398 586 et
1432 532 1661 586 severt'rs,
1740 533 1991 605 Sponden-s

256 627 496 680 quoque,
533 626 643 680 quo
684 607 974 679 plurimum
1012 608 1084 660 est
1127 604 1518 659 Demosthenes
1559 604 1705 670 usu's,
1738 603 1944 658 moram
1966 616 1991 648 P

260 682 463 750 semper
486 690 614 750 perq
652 681 704 732 se
735 679 931 731 habet:
970 678 1175 748 optime
1213 675 1480 747 praece‘det
1512 684 1636 728 cium
1679 675 1900 739 cretims,
1928 685 1990 729 ut

260 751 316 804 in
361 751 484 816 hoc,
529 752 612 818 De
654 771 755 823 qua
798 771 886 821 ego
911 749 1062 801 *nihil
1103 749 1284 815 dica-m,
1321 747 1417 817 nffl
1452 745 1731 818 depellendi
1772 747 1991 800 criminis

261 822 448 892 eatsta.
523 822 663 874 Illud
690 822 778 885 est,
809 821 954 892 quod
978 820 1131 891 supra
1151 820 1282 884 dixi,
1308 818 1542 872 multum
1568 817 1781 881 referre,
1809 837 1992 873 unone

260 896 425 946 verbo
486 893 610 946 edes
648 894 743 945 fint
768 892 877 944 duo
905 891 1288 963 comprehenfi,
1315 908 1383 942 an
1409 898 1634 961 uterque
1668 889 1822 943 liber.
1864 891 1990 945 *Sic

263 964 407 1017 enim
451 977 495 1016 ·t
527 965 682 1029 forte,
710 964 942 1016 Criminis
977 964 1174 1032 canffiz:
1213 962 1398 1024 molle,
1425 960 1771 1032 Archipiratae
1791 982 1808 1013 .-
1846 962 1988 1015 mol..

172 1027 240 1098 98
263 1035 388 1102 lius,
417 1037 450 1088 fi
487 1035 818 1107 tribrachys*
857 1035 1140 1106 praecedat,
1163 1033 1473 1105 facilitates,
1513 1032 1826 1086 temeritates,
1903 1034 1994 1086 Est

261 1107 408 1160 enim
435 1107 706 1179 quoddam
725 1108 845 1159 infr
885 1106 994 1177 ipsa
1029 1105 1279 1158 divifione
1316 1105 1598 1156 verborum
1637 1103 1807 1156 latens
1850 1114 1992 1158 tem-

263 1197 383 1250 puS,
428 1190 490 1232 ut
533 1180 588 1231 in
629 1178 944 1249 pentametri
984 1176 1164 1228 medio
1206 1175 1462 1247 sponde0,‘
1503 1174 1596 1246 qui
1639 1173 1731 1227 nifi
1775 1175 1992 1230 alterius

265 1250 445 1303 νει-Μ’
493 1249 885 1314 ῆηε,,31ῑθι·ἰυε
933 1247 1089 1301 initio
1136 1249 1356 1312 constet,
1402 1245 1604 1298 versum
1655 1263 1760 1298 non
1810 1247 1992 1300 efficit.

269 1322 458 1386 Potest,
484 1322 644 1374 etiam
687 1321 720 1372 fi
759 1321 939 1373 minus
969 1320 1128 1383 bene,
1160 1317 1396 1390 praeponi
1434 1317 1741 1387 anapaestus,
1769 1319 1995 1372 Muliere

177 1403 245 1458 99
266 1413 363 1446 non
387 1393 556 1465 solum
592 1392 764 1457 nobili,
806 1411 980 1444 verum
1022 1390 1171 1442 etiam
1209 1400 1344 1442 nota.
1418 1390 1575 1440 Tum
1606 1390 1897 1459 anapaestus
1939 1401 1997 1443 et

267 1465 515 1530 creticuS,
542 1465 752 1517 iambus
778 1481 1014 1534 quoque,
1042 1462 1135 1533 qui
1162 1462 1231 1514 est
1267 1472 1497 1531 utroque
1520 1458 1752 1582 gynabat
1788 1460 1993 1515 minor:

265 1527 535 1607 praecedet
569 1535 754 1588 enim¹¹
798 1545 905 1588 tres
944 1533 1134 1604 longas
1177 1531 1371 1585 brevis.
1450 1533 1518 1583 Se
1599 1542 1695 1584 etv
1734 1531 1998 1602 spondeus

268 1609 449 1660 iambo
472 1607 615 1660 recte
639 1606 982 1678 praeponitur,
1010 1613 1032 1637 ¹
1049 1605 1110 1656 In
1137 1603 1288 1659 armis
1301 1603 1417 1674 fui.
1489 1603 1628 1654 Tum
1657 1601 1918 1673 spondeus
1944 1615 2000 1658 et

269 1679 565 1732 bacchius:
607 1679 674 1731 fic
714 1677 856 1730 enim
880 1677 988 1729 fiet
1025 1675 1252 1729 ultimus
1298 1673 1583 1727 dochimus
1603 1683 1647 1738 Υ,
1686 1674 1907 1744 Ig‘sdemz
1943 1677 1999 1731 in

181 1771 252 1798 ¹00
271 1752 427 1803 armis
450 1750 566 1822 fui.
640 1751 720 1801 Ex
757 1749 842 1811 iis,
865 1767 986 1820 quae
1021 1747 1174 1818 supra
1210 1746 1452 1818 probavi,
1479 1756 1715 1816 apparet,
1743 1745 1998 1806 moloffon

274 1841 493 1895 quoque
531 1820 778 1875 clausulae
821 1818 1124 1884 convenire,
1153 1818 1282 1871 dum
1322 1817 1516 1869 habeat
1554 1834 1619 1868 ex
1655 1834 1999 1890 quocumque

181 1916 251 1944 ιοι
275 1893 408 1965 pede
443 1904 567 1946 ante
605 1894 656 1945 se
698 1892 936 1945 brevem.
1010 1890 1154 1946 Illud
1174 1890 1382 1960 scimus,
1420 1887 1705 1959 ubicumque
1723 1889 1870 1959 fiant,
1908 1891 2000 1960 ff

266 1977 360 2038 pro
406 1964 564 2017 nobis.
638 1964 826 2016 Minus
873 1961 1050 2035 gravis
1095 1961 1200 2014 ‘erit
1245 1959 1509 2031 spondeus
1530 1971 1569 2022 ὃ,
1620 1959 2002 2029 praecedenteb

274 2035 620 2108 pyrrhichio:
660 2045 742 2098 ut,
776 2034 969 2088 Judicii
999 2032 1251 2085 Juniani:
1289 2043 1343 2084 et
1381 2030 1594 2082 adhuce
1637 2029 1786 2101 pejus
1829 2031 2003 2101 priore

274 2126 494 2180 paeone:
532 2118 612 2174 ut,
640 2106 819 2173 Brute,
848 2104 1080 2158 dubitavi
1100 2126 1116 2157 .-
1155 2103 1245 2156 nifi
1275 2102 1454 2174 potius
1481 2100 1585 2154 hoo
1610 2101 1711 2155 effe
1737 2102 2002 2157 velimusd.

167 472 235 531 97

323 2284 380 2304 '¹¹²'
396 2280 463 2331 qui
485 2280 536 2319 G.
646 2285 667 2308 ἢ
695 2277 889 2317 rationem
909 2276 1015 2316 Jens.
1150 2274 1173 2298 0
1200 2274 1264 2314 vel
1292 2273 1430 2312 iambo
1449 2287 1516 2310 om.
1537 2272 1589 2310 id.
1716 2277 1738 2306 Ρ
1762 2273 1806 2313 in
1829 2275 2002 2316 Midias„

278 2335 331 2375 G.
357 2334 400 2373 in
418 2335 561 2372 eodem
579 2333 685 2372 Jens.
791 2339 811 2368 ,(1
847 2344 914 2383 pre
933 2331 976 2369 id
990 2330 1038 2381 (st
1057 2342 1136 2379 prae
1156 2330 1208 2368 G.
1330 2334 1344 2353 ¹*
1376 2328 1594 2366 tribachius
1615 2326 1666 2365 G.
1789 2333 1826 2354 ⁸¹
1851 2343 1925 2369 vm.
1947 2331 2003 2378 G.

278 2400 294 2421 ³
323 2389 366 2427 in
384 2388 563 2429 fine—in
583 2388 698 2426 initio
715 2386 821 2426 Jens.
930 2393 944 2416 t
974 2394 1014 2424 et
1033 2385 1062 2423 fi
1082 2383 1159 2423 illis
1180 2384 1229 2421 G.
1356 2388 1374 2406 ¹¹
1411 2381 1501 2418 Vid.
1523 2381 1594 2432 leg.
1614 2382 1752 2421 etiam.
1880 2392 1903 2413 v
1929 2398 1998 2423 ont.

277 2443 331 2482 G.
350 2443 456 2482 Jens.
567 2446 585 2465 ¹
618 2442 755 2480 iisdem
775 2439 842 2493 irgfi
861 2439 929 2480 iid.
1022 2445 1044 2476 Υ
1072 2437 1289 2477 dochmius
1307 2437 1326 2474 J
1333 2435 1413 2474 ens.
1510 2441 1527 2460 z
1559 2449 1628 2473 om.
1648 2435 1717 2474 iid.
1815 2441 1834 2462 ⁸
1856 2450 1927 2478 om.
1943 2439 1999 2480 G.

279 2495 298 2521 δ
330 2497 367 2536 se
386 2497 454 2549 ins.
474 2496 526 2535 G.
544 2496 651 2536 Jens.
761 2499 777 2519 ‘
810 2495 861 2533 ad
879 2496 959 2534 hoc
976 2492 1083 2533 Jens.
1189 2492 1210 2521 ‘¹
1237 2490 1429 2530 volumus
1447 2489 1498 2528 G.

280 2650 402 2708 supra
419 2649 603 2700 laudavI,
622 2658 662 2692 et
682 2647 1008 2708 interpretandus
1031 2645 1100 2689 hic
1242 2644 1361 2686 101.'
1376 2642 1540 2697 Judicii
1565 2642 1768 2698 Juniani]
1799 2644 1894 2688 Cic.
1926 2662 2004 2704 pro

282 2708 398 2751 locus
420 2709 503 2762 ita3
525 2707 607 2750 Alii
625 2707 810 2750 austores
831 2707 951 2764 pedes
970 2719 1103 2749 omnes
1182 2701 1353 2745 Cluent.
1375 2715 1415 2743 c.
1442 2716 1482 2743 ι.
1529 2702 1675 2750 Brute,
1707 2701 1908 2746 dubitavi
1939 2708 2003 2748 O-

280 2775 538 2824 quotcumque
542 2765 628 2821 sint
641 2766 876 2821 temp'orum,
894 2765 976 2807 i.e.
995 2779 1101 2820 quo·
1181 2771 1260 2804 rat.
1289 2776 1329 2802 1.
1381 2760 1432 2802 In
1463 2758 1534 2802 illo
1562 2759 1707 2810 Cmffi,
1730 2762 1815 2803 Cur
1831 2763 1881 2803 de
1903 2769 2004 2819 per.

282 2826 585 2881 modocumque
603 2824 904 2872 ordinatorum,
924 2836 1016 2880 quae
1044 2823 1108 2864 ad
1168 2818 1308 2876 fugis,
1329 2832 1426 2860 cum
1458 2817 1582 2861 ,etiam
1615 2817 1661 2860 fit
1694 2819 1804 2874 apud
1832 2820 2004 2863 Cicero-

283 2885 483 2927 rationem
510 2882 623 2926 illam
652 2880 906 2931 hemioliam,
926 2894 1022 2937 quae
1046 2880 1103 2923 est
1183 2892 1276 2920 nem
1307 2879 1428 2920 Orat.
1455 2891 1495 2918 c.
1519 2877 1867 2931 66,·c0mparant
1885 2896 1897 2920 .·
1941 2882 2006 2922 vi-

1182 2935 1271 2978 deri
1291 2933 1417 2992 potest
1445 2934 1555 2976 hunc
1586 2935 1723 2977 locum
1753 2935 2005 2981 inde'emen-

286 2943 392 2986 inter
410 2942 491 2985 tria
508 2950 694 2998 tempora
721 2939 892 2982 totidem
911 2939 1101 2982 brevium

285 3000 550 3058 syllabarum,
585 3008 624 3043 et
661 2998 749 3053 duo
786 2997 911 3040 unius
951 2996 1102 3054 longae,

278 3058 532 3115 pertineant,
553 3065 721 3115 paeonas
748 3053 1101 3113 appellant‚.nem-

286 3133 338 3175 pe
385 3118 566 3174 primum
625 3142 640 3150 -
660 3136 686 3158 υ
717 3133 745 3156 υ
775 3134 803 3156 υ
819 3143 834 3164 ,
882 3112 1104 3156 secundum

302 3197 330 3219 υ
347 3203 363 3211 -
381 3196 408 3217 υ
438 3195 465 3217 υ
483 3203 496 3224 ,
514 3175 681 3217 tertium
714 3193 742 3216 υ
771 3191 800 3214 υ
817 3199 830 3207 -
851 3192 878 3213 υ
897 3200 910 3221 ,
925 3181 965 3214 et
978 3185 1103 3229 quar·

286 3243 379 3278 tum
396 3234 576 3290 denique
608 3252 636 3275 υ
666 3254 694 3275 υ
723 3252 786 3275 υ-

349 3307 419 3346 97.
450 3299 491 3335 et
508 3290 712 3349 severus]
757 3286 860 3331 vid.
892 3285 942 3329 ad
975 3286 1006 3328 s.
1029 3287 1102 3338 64.

288 3351 354 3393 De
377 3365 459 3408 qua
478 3364 548 3404 ego
573 3363 622 3391 ex
643 3346 836 3392 Coeliana
853 3361 894 3389 c.
921 3360 937 3387 ι
951 3359 992 3399 3.
1038 3345 1106 3387 De

208 3404 215 3409 ’
288 3408 361 3450 illo
379 3406 651 3464 Archipirata·
671 3405 812 3448 itidem
833 3403 863 3446 s.
888 3405 962 3454 64.
1005 3401 1106 3445 Mu-

286 3466 386 3509 liere
409 3481 485 3508 non
502 3465 633 3523 fhlum
656 3479 711 3506 ex
742 3461 934 3505 Coeliana
965 3475 1005 3503 c.
1032 3474 1102 3515 ¹3·

288 3526 339 3568 In
355 3523 563 3580 armisfui
582 3538 656 3581 pro
676 3522 822 3579 Ligar.
846 3535 885 3563 c.
911 3534 953 3573 3.

1184 2994 1384 3042 dandum,
1395 2991 1664 3035 consentiente
1675 2994 1895 3049 praesertim
1910 2995 2009 3038 Go-

1185 3052 1328 3095 thano.
1372 3051 1447 3094 Sed
1466 3051 1625 3094 Fabius
1644 3053 1714 3093 vix
1735 3053 1908 3107 patitur,
1928 3054 2006 3110 qui

1184 3117 1371 3153 numeret
1399 3123 1548 3152 vocum
1576 3108 1630 3158 is,
1649 3115 1807 3158 contra,
1827 3124 1896 3151 nas
1926 3111 2006 3168 syl.

1185 3168 1318 3210 labas.
1365 3166 1422 3209 Et
1453 3177 1588 3210 tamen
1622 3181 1643 3207 a
1676 3166 1732 3208 ud
1765 3166 2008 3214 Ciceronem

1187 3226 1385 3284 praecedit
1418 3223 1530 3268 aliud
1560 3225 1645 3266 fimi
1663 3239 1686 3266 e
1709 3225 1899 3277 verbum,
1921 3228 2010 3269 Cur

1186 3282 1437 3341 clandestinis
1464 3281 1629 3339 confiliis
1655 3295 1725 3326 nos
1755 3288 2006 3340 oppugnant,

1188 3357 1238 3383 an
1259 3354 1298 3385 et
1319 3343 1396 3385 hoc
1415 3341 1673 3384 mutabimus
1694 3339 1736 3381 in
1761 3347 1964 3398 oppugnat
1978 3342 2008 3387 ἶ

1188 3400 1300 3443 Bene
1318 3400 1389 3452 est,
1408 3399 1518 3457 quod
1538 3411 1619 3445 nou
1640 3398 1781 3454 agitur
1807 3398 1915 3455 salus
1934 3416 2008 3459 pa·
2064 3395 2067 3398 ¹

1189 3458 1303 3508 trin.
