2320 4030
327 309 427 358 304

730 290 1043 343 M.·FAB11
1080 287 1648 342 QUINCTILIANI
1678 300 1690 319 s'

326 438 443 481 tura
474 423 706 481 hominis
740 429 1005 482 summum
1039 429 1221 493 habet,
1257 427 1582 481 consecutos,
1655 428 1800 479 Nam
1839 436 1895 480 et
1933 429 2139 502 Py--19⁴

325 499 574 571 thagoras
593 508 634 564 ¹¹,
674 518 775 551 non
803 500 1078 572 sapientem
1112 501 1180 562 se,
1209 509 1308 551 utv
1343 499 1437 569 qui
1475 510 1597 550 ante
1639 517 1761 550 eum
1804 497 2036 567 fuerunt,

324 569 413 621 sed
433 569 703 639 studiosicm
728 571 997 642 sapientiae
1022 569 1416 625 vocarivoluit.

1491 571 1609 640 Ego
1642 580 1818 620 tamen
1850 569 2036 622 secun·-

324 639 452 692 dum
490 660 831 697 communem
844 640 1117 720 ⁸ioquendi
1154 638 1582 692 consuetudinem
1621 639 1753 709 saepe
1787 639 1920 704 dixi,
1950 641 2035 692 di-

325 729 570 782 camque,
605 711 869 782 perfeetum
906 722 1140 763 oratorem
1170 710 1269 762 effe
1307 710 1639 774 Ciceronem,
1667 721 1728 762 ut
1747 710 1955 762 amicos
1982 721 2040 763 et

325 781 466 834 bonos
490 783 642 844 virosi,
668 793 724 833 et
753 780 1142 852 prudentiffimos
1176 780 1401 833 dicimus
1439 781 1623 851 vulgo.
1649 799 1873 850 quorum
1901 781 2040 835 nihil

326 852 417 907 nifi
446 852 675 924 perfecte
710 851 929 925 sapienti
965 851 1138 905 datur.

1214 851 1317 904 Sed
1349 870 1472 904 cum
1511 851 1734 921 proprie,
1762 861 1817 903 et
1853 851 1917 903 ad
1957 852 2038 905 le-

322 941 448 993 gem
476 923 633 994 ipsam
662 921 894 975 veritatis
928 921 1254 993 loquendum
1281 921 1401 986 erit,
1429 940 1552 974 eum
1589 940 1818 992 quaeram
1858 933 2054 975 orato-·

324 1011 457 1058 rem,
497 1012 658 1064 quem
697 1003 751 1045 et
791 991 882 1044 ille
920 993 1210 1063 quaerebat.
1287 993 1627 1063 Quamquam
1674 992 1814 1044 enim
1859 992 2038 1046 stetifl'e
2055 1000 2125 1048 20

322 1063 492 1133 ipsum
535 1063 588 1114 in
632 1062 834 1134 fastigio
875 1062 1204 1134 eloquentiae,
1234 1061 1424 1127 fateor,
1466 1082 1527 1114 ac
1568 1062 1674 1126 viX,
1714 1062 1843 1133 quid
1885 1063 2041 1134 adjici

323 1134 556 1204 potuerit
571 1145 613 1199 X,
639 1133 871 1197 inveni0‚
899 1133 1103 1192 fortaffe
1128 1133 1436 1186 inventurus
1455 1143 1497 1198 2,
1524 1133 1669 1203 quod
1686 1144 1705 1165 ³
1741 1133 1916 1186 adhuc
1942 1135 2040 1203 ab·

323 1205 589 1259 sciffurum
627 1216 814 1285 putem
838 1203 1004 1270 fuiffe,
1035 1210 1179 1274 (nam
1216 1202 1324 1256 fere
1359 1203 1426 1255 fic
1465 1204 1605 1256 doc'ti
1639 1204 2040 1274 judicaverunt,

315 1276 587 1348 >plurimum
628 1296 681 1328 m
720 1296 769 1328 eo
812 1275 1074 1339 virtutum,
1113 1273 1339 1327 nonnihil
1365 1274 1525 1346 fuiffe
1569 1275 1841 1333 vitiorum.-
1898 1286 1954 1328 et
1988 1278 2042 1330 se

324 1346 430 1417 ipse
454 1347 624 1398 multa
656 1349 720 1399 ex
745 1346 836 1398 illa
861 1345 1088 1418 juvenili
1124 1345 1448 1398 abundantia
1483 1346 1764 1398 coercuisse
1799 1346 2036 1416 testatur)

325 1428 504 1473 tamen
527 1417 740 1488 quando
766 1435 866 1470 nec
890 1415 1134 1488 sapientis
1165 1416 1258 1470 fibi
1294 1435 1508 1483 nomen,
1537 1416 1759 1470 minime
1793 1417 1872 1469 sui
1908 1418 2041 1470 con-

324 1499 540 1555 temtor,
584 1486 828 1552 afl'eruit3
882 1499 936 1540 et
978 1487 1172 1541 melius
1214 1487 1410 1553 dicere,
1449 1497 1591 1553 certe
1635 1487 1755 1540 data
1799 1487 2044 1559 longiore

243 1615 247 1619 .
325 1558 452 1624 vita,
488 1563 579 1612 etb
622 1569 817 1611 aetatee
861 1559 926 1610 ad
967 1558 1396 1630 componendum
1437 1558 1713 1623 securiore,
1757 1558 2003 1630 potuisset
2025 1572 2059 1613 ε·

327 1649 435 1683 non
476 1625 712 1701 maligne
751 1628 1086 1694 crediderim,
1127 1627 1341 1682 defuisse
1382 1628 1431 1682 ei
1468 1629 1728 1682 summam
1770 1629 1938 1694 illam,
1976 1630 2044 1683 ad

326 1719 486 1772 quarn
515 1719 673 1752 nemo
697 1700 911 1772 propius
938 1699 1159 1753 accessit.

327 1790 460 1838 rem,
487 1771 675 1823 fortius
699 1770 754 1823 id
791 1781 846 1823 et
867 1770 1094 1823 liberius
1107 1769 1410 1824 defendere.

1233 1701 1303 1752 Et
1338 1699 1551 1766 licebat,
1579 1701 1611 1752 fi
1648 1699 1844 1753 aliterd
1879 1701 2123 1756 senti-21

1489 1773 1573 1823 An
1610 1789 1735 1824 vero
1757 1771 2042 1826 M-Arito-

327 1842 450 1895 nius
491 1842 722 1894 neminem
764 1862 797 1893 a
823 1843 888 1912 se
923 1842 1084 1913 visum
1126 1842 1439 1914 eloquentem,
1479 1842 1624 1911 quod
1671 1853 1826 1906 tanto.
1866 1842 2067 1909 minuss

327 1923 457 1978 erat,
495 1911 743 1984 professus
779 1914 848 1965 est
866 1933 883 1977 3
922 1912 1030 1982 ipse
1066 1911 1224 1964 etiam
1262 1914 1346 1964 M.
1374 1913 1586 1965 Tullius
1622 1913 1804 1985 quaerz‘t
1838 1914 2001 1967 adhuc
2019 1913 2064 1949 ξ’

330 2005 455 2052 eum,
481 1995 535 2038 et
561 1994 768 2037 tantum
792 1983 1112 2056 imaginatur
1135 2001 1196 2036 ac
1221 1982 1376 2055 fingit
1393 2004 1410 2050 3
1449 2002 1554 2056 ego
1578 2002 1684 2041 non
1713 1985 1934 2037 audeam
1959 1984 2043 2038 di-

885 2174 909 2199 ν
936 2175 975 2208 et
991 2155 1097 2208 Jens.

967 2228 983 2248 ⁰
1016 2222 1053 2261 se
1071 2224 1123 2262 G.

356 2188 358 2190 ·
387 2173 408 2193 ¹¹
441 2169 704 2220 Pythagoram
725 2168 776 2206 G.

333 2222 384 2262 G.
403 2223 508 2262 Jens.
617 2221 634 2246 ὓ
665 2236 734 2261 om.
752 2221 858 2270 Jens.

394 2387 465 2426 19.
505 2368 777 2426 Pythagoras]
818 2369 1035 2413 Notissima
1066 2369 1147 2413 his-

331 2429 438 2472 toria
456 2427 520 2470 vel
539 2442 587 2469 ex
604 2427 702 2474 Cic.
721 2427 854 2470 Tusc.
880 2442 921 2481 5,
946 2443 986 2481 3,
1008 2428 1149 2471 Artem

332 2486 489 2544 quidem
501 2487 550 2544 se
565 2484 676 2541 scire
693 2484 949 2543 nullam‚sed
963 2486 1032 2543 effe
1053 2485 1148 2543 phi-

330 2543 521 2604 losophum
547 2542 628 2585 ὅτε.

394 2617 465 2644 20.
483 2599 611 2642 multa
623 2600 822 2657 coercuiffi·
833 2601 1020 2659 testatur]
1039 2602 1149 2645 Bru-

263 2673 266 2675 ’
332 2669 378 2703 to
405 2676 444 2702 c.
468 2675 541 2714 91,
559 2658 610 2700 de
643 2659 827 2708 Molone,
849 2661 889 2702 Is
921 2660 1031 2702 dedit
1059 2668 1148 2716 ope-

333 2733 430 2762 ram
461 2718 479 2772 (
487 2716 525 2770 fi
551 2716 658 2758 modo
676 2716 722 2757 id
746 2715 920 2775 consequi
929 2718 1081 2774 potuit)
1103 2727 1148 2760 ut

333 2775 452 2818 nimis
480 2774 751 2816 redundantes
778 2790 862 2825 nos,
890 2783 931 2817 et
945 2776 1146 2833 fhpefflu-

331 2841 441 2878 entes
467 2831 646 2889 quadam
673 2831 831 2874 dicendi
853 2832 1092 2888 impunitate
1107 2843 1148 2876 et

332 2890 513 2939 licentia,
542 2889 795 2946 reprimeret,
823 2899 863 2932 et
890 2891 1000 2947 quast
1022 2900 1148 2935 extra

332 2945 448 3007 ripas
464 2947 684 3003 diffluentes
700 2956 909 2990 coerceret.

399 3023 470 3050 21.
492 3006 547 3048 Et
562 3003 722 3052 licebat,
732 3004 774 3059 st
787 3005 930 3059 aliter]
963 3007 1024 3049 H.
1045 3021 1082 3048 e.
1106 3007 1149 3050 Si

332 3066 472 3108 minus
498 3063 717 3106 honorifice
746 3063 930 3106 sentirem
959 3064 1009 3106 de
1028 3064 1148 3107 Cice-

332 3138 444 3173 rone,
466 3122 615 3164 licebat
643 3120 780 3170 hodie,
798 3122 875 3163 ubi
895 3121 1149 3166 inseftatores

333 3184 393 3225 ita
420 3179 572 3223 multos
591 3178 733 3228 habet,
754 3180 830 3220 ubi
850 3181 1055 3236 regnatrix
1073 3180 1150 3222 do-

333 3253 444 3290 mm,
479 3238 534 3280 ob
567 3246 718 3295 parteS,
750 3237 883 3280 adhuc
913 3238 1000 3280 odit
1038 3238 1148 3281 illius

327 3296 590 3345 memoriam,
629 3293 779 3337 fortius
818 3305 857 3337 et
897 3294 1065 3339 liberius
1097 3297 1149 3339 de

1215 2173 1235 2194 Χ
1266 2168 1409 2219 poterit
1427 2168 1480 2207 id.

1214 2221 1250 2247 ⁷²¹
1283 2222 1391 2262 aliud
1408 2222 1512 2262 Jens.

1587 2173 1607 2194 ²
1637 2183 1706 2208 om.
1727 2167 1876 2207 G.
1903 2175 1925 2199 ⁸
1948 2167 2047 2222 quid

1622 2228 1638 2247 ⁸
1670 2224 1786 2262 hunc
1803 2223 1854 2262 G.
2016 2241 2017 2244 ¹

1228 2369 1465 2419 mitianum,
1486 2368 1513 2412 fi
1547 2370 1680 2424 majus
1711 2369 1816 2427 quid
1846 2369 1900 2412 de
1924 2371 2046 2415 Cice-

1227 2443 1324 2471 rone
1353 2428 1556 2478 sentirem,
1579 2427 1730 2471 fortius
1757 2427 1986 2481 defendere,
2002 2439 2047 2474 et

1228 2486 1359 2542 ipsum
1380 2501 1453 2543 pro
1472 2484 1652 2543 perfesto
1671 2486 1937 2544 undiquaque
1954 2498 2066 2531 ora-¹

1227 2553 1315 2586 tore
1331 2544 1512 2587 laudare.

1289 2618 1360 2644 21.
1393 2603 1459 2645 M.
1484 2602 1696 2655 Antonius]
1733 2603 1828 2645 Cic.
1852 2605 1974 2645 Orat.
2002 2619 2044 2659 ς,

1231 2660 1299 2709 Μ.
1334 2660 1627 2703 Antonius—in
1655 2675 1698 2702 eo
1724 2660 1826 2704 libro
1852 2675 1967 2718 quem
1995 2676 2046 2704 u-

1232 2733 1327 2760 num
1355 2718 1432 2760 reli
1458 2718 1533 2768 uit,
1552 2718 1716 2775 disertos
1746 2718 1810 2761 ait
1823 2719 1875 2776 st·
1901 2718 2047 2778 vizdg'ffe

1231 2775 1388 2827 multos,
1403 2734 1642 2834 esoquentem
1661 2776 1814 2820 omnino
1833 2776 2046 2822 neminem.

1231 2835 1425 2891 Legenda
1456 2836 1549 2876 sunt
1581 2835 1705 2877 etiam
1738 2835 1896 2892 reliqua
1923 2834 2046 2890 hujus

1229 2891 1308 2934 loci
1340 2893 1560 2936 admodum
1580 2892 1632 2934 ad
1651 2893 1754 2936 hanc
1773 2909 1857 2935 rem
1883 2907 2048 2936 accom-

1231 2950 1420 2993 modata:
1452 2960 1492 2993 et
1521 2951 1611 2993 sunt
1638 2967 1708 3008 per
1736 2961 1871 2994 totum
1891 2950 2047 2996 librum

1229 3007 1360 3065 sparsa
1386 3009 1502 3060 talia,
1523 3009 1678 3065 quibus
1707 3010 1875 3059 indicet,
1894 3009 1933 3052 se
1958 3009 2048 3055 for-

1229 3080 1341 3108 mam
1387 3067 1561 3109 oratoris
1608 3082 1805 3124 quaerere,
1845 3076 2047 3113 oratorem

1229 3124 1445 3167 monstrare
1472 3125 1611 3181 digito
1637 3125 1700 3168 vel
1728 3140 1828 3168 voce
1857 3141 1935 3169 non
1956 3127 2047 3183 pos-

1230 3181 1295 3224 se:
1329 3181 1409 3233 vel,
1428 3192 1477 3225 ut
1502 3182 1584 3240 ipse
1604 3182 1789 3240 loquitur
1818 3198 1856 3225 c.
1883 3199 1926 3235 2,
1954 3199 2047 3242 per-

1230 3237 1386 3283 festum
1423 3241 1527 3284 illud
1566 3243 1734 3298 quaerit,
1765 3241 1878 3299 quod
1914 3256 2047 3299 neque

1230 3298 1384 3349 oculis,
1421 3313 1552 3355 neque
1587 3298 1772 3350 auribus,
1810 3313 1934 3357 neque
1969 3300 2050 3343 ullo
2108 3326 2115 3331 -

331 3355 406 3398 illo
437 3355 586 3397 dicere.
646 3353 723 3395 An
754 3353 814 3394 ita
843 3351 1149 3422 potius,·'quod
1218 3356 1338 3413 sensu
1352 3356 1506 3413 percipi
1519 3356 1664 3414 potcst3
1698 3356 1933 3414 cogitatione
1950 3366 2048 3400 tan-

334 3422 499 3471 propter
551 3419 758 3467 erpetuam
779 3410 990 3454 Ciceronis
1010 3426 1051 3455 m
1071 3412 1148 3455 hoc

331 3485 452 3528 opere
489 3484 514 3511 a
544 3467 801 3510 mirationem
837 3467 919 3510 fere
956 3470 1148 3527 probabi-

333 3530 415 3572 lius
435 3527 621 3580 videtur3
647 3527 821 3571 Licebat
834 3526 952 3578 mihi,
969 3542 1040 3586 per
1060 3530 1146 3572 Do-

1230 3421 1316 3456 tum
1334 3423 1374 3456 et
1393 3423 1521 3457 mente
1538 3413 1845 3470 complearimur.
1889 3415 2049 3459 Similia

1231 3485 1282 3585 {alt
1315 3472 1481 3530 persona
1515 3472 1642 3516 Crassi
1674 3473 1724 3516 de
1755 3476 1876 3516 Orat.
1913 3489 1953 3529 3,
1976 3485 2078 3526 22‚·
