2320 4030
343 344 438 392 =100
758 327 834 379 M.
871 328 1071 379 FABII
1108 329 1682 381 QUINCTILIANI

337 462 435 516 lit:
475 480 648 536 neque
674 471 781 529 tam
819 466 1416 538 stultumrquemquam,
1442 467 1555 538 qui,
1576 467 1616 519 *fi
1653 465 1830 519 vivere
1865 465 1996 519 velit
2013 477 2058 532 ³,

339 546 567 609 mortem
595 534 774 606 potius
799 537 938 590 male
960 549 1122 608 petat,
1149 556 1310 609 quam
1335 539 1556 590 omnino
1580 556 1687 591 non
1712 546 1901 608 petat.-
1927 538 2057 594 Non
2082 535 2147 587 88

339 614 522 659 tamen
564 625 723 678 neg0,
766 607 867 661 effe
909 609 1283 662 controverfias
1324 607 1622 680 hujusmodi
1657 608 1905 680 figuratas
1927 627 1941 660 ε
1998 619 2062 662 ut
2116 630 2130 638 ’·

339 675 414 729 est
436 676 561 745 illa,
586 677 722 730 Reus·
755 679 1035 751 parricidii,
1066 680 1199 751 quod
1214 679 1439 750 fratrem
1477 679 2063 751 occidg‘ffet,‘damnatum

339 744 408 800 iri
432 747 704 811 videbatur
725 772 741 801 .·
776 759 921 820 pater
951 762 1043 822 pro
1069 749 1323 822 tqstimom‘o
1346 750 1494 812 dixit,
1521 771 1629 804 eum
1651 752 1716 822 se
1740 750 1948 823 jubente
1963 750 2062 820 fc-

338 818 447 891 cg'ffiz
468 841 486 873 .·
516 820 800 893 absolutum
824 821 1044 873 abdicat.
1118 823 1260 874 Nam
1289 840 1462 893 neque
1489 821 1544 875 in
1580 832 1756 875 totum
1795 820 1904 873 filio
1942 839 2065 892 par.-

340 892 436 955 cit,
464 909 583 956 nee,
609 892 755 961 quod
780 890 950 962 priore
971 890 1182 962 judicio
1205 892 1504 956 affirmavit,
1531 904 1740 946 mutare
1764 891 1937 963 palam
1963 909 2066 962 po·-

339 961 456 1026 test,
483 971 539 1014 et
564 973 624 1014 ut
649 980 756 1014 non
787 962 944 1014 durat
966 963 1108 1015 ultra
1128 981 1342 1034 poenam
1367 963 1735 1028 abdicationis,
1760 963 1870 1016 itar
1903 961 2062 1015 abdi-

340 1043 429 1090 cat
453 1043 633 1085 tamen
659 1053 672 1084 ε
712 1043 767 1085 et
789 1032 990 1105 alioqui
1027 1033 1197 1105 figura
1220 1034 1272 1086 in
1299 1044 1445 1104 patre
1479 1034 1601 1106 plus
1624 1033 1770 1098 facit,
1798 1051 1958 1104 quam
1989 1033 2060 1086 li-

341 1113 447 1168 cet,
473 1103 530 1156 in
558 1102 669 1158 filio
694 1103 890 1169 minus,
962 1105 1039 1157 Ut
1062 1115 1242 1158 autem
1271 1123 1430 1158 nemo
1455 1116 1640 1158 contra
1660 1105 1735 1170 id,
1760 1103 1906 1175 quod
1929 1104 2060 1170 vult,
2086 1104 2152 1176 89

340 1172 495 1239 dicit,
522 1174 599 1226 ita
638 1177 819 1247 potest„
843 1173 1036 1229 melius
1077 1176 1282 1248 aliquid
1318 1175 1475 1241 velle,
1502 1195 1666 1248 quam
1700 1175 1871 1228 dicit:
1924 1193 2063 1248 quo-

341 1245 506 1298 modo
534 1245 625 1299 ille
649 1246 925 1313 abdicatuS,
953 1247 1046 1318 qui.
1069 1269 1102 1300 a
1133 1256 1298 1320 patre,
1320 1257 1379 1300 ut
1401 1247 1584 1320 filium
1625 1246 1886 1319 expositum
1917 1254 1964 1299 'et
1999 1247 2066 1300 ab

340 1335 392 1369 eo
416 1318 675 1389 educatum
693 1317 878 1390 solutis
913 1319 1159 1380 alimentis
1188 1319 1410 1390 recipiat,
1432 1317 1667 1390 postulat,
1692 1318 1928 1372 revocari
1951 1316 2062 1371 for-

340 1387 468 1441 taffe
491 1389 730 1454 mavult:
773 1409 877 1442 non
914 1400 1113 1456 tamen,
1139 1390 1285 1461 quod
1321 1391 1472 1461 petit,
1501 1407 1608 1442 non
1649 1389 1787 1444 vult.
1859 1388 2157 1460 Estnla-›90

341 1458 460 1512 tens
498 1470 555 1512 et
590 1460 684 1514 illa
725 1460 1058 1533 significatio³
1083 1480 1206 1532 qua,
1235 1480 1356 1514 cum
1396 1460 1490 1532 jus
1527 1460 1757 1532 asperius
1795 1461 2001 1532 petitu-r
2034 1478 2069 1513 a

331 1528 541 1602 judice,
570 1531 629 1583 fit
652 1532 703 1584 ei
728 1542 906 1585 tamen
940 1532 1053 1604 spes
1079 1533 1257 1604 aliqua
1291 1531 1610 1598 clementiae,
1637 1550 1745 1585 non
1779 1531 1972 1602 palam,
1998 1548 2067 1585 ne

339 1601 681 1683 paciscamur,
706 1602 792 1655 sed
817 1622 909 1675 per
980 1604 1228 1658 uamdam
1270 1603 1578 1662 credibilem
1616 1603 1979 1675 suspicionem,
2005 1613 2070 1657 ut

340 1691 400 1726 m
443 1673 628 1726 multis
667 1675 1046 1741 controveriis,
1080 1674 1167 1728 sed
1210 1675 1266 1728 in
1305 1675 1408 1728 hac
1444 1692 1693 1746 quoque:
1737 1674 1949 1746 Raptor,
1973 1674 2071 1745 n3'fi

342 1743 481 1797 intra
506 1745 804 1817 trigesimum
826 1746 954 1798 diem
979 1758 1025 1800 et
1049 1757 1211 1819 raptae
1227 1757 1444 1818 patrem,
1470 1756 1516 1798 et
1541 1747 1693 1818 suum
1727 1747 2008 1799 exoraverit
2027 1755 2066 1811 ⁸,

339 1824 509 1886 pereat
528 1838 544 1869 .·
582 1817 669 1888 qui
693 1827 886 1870 exorato
912 1828 1076 1890 raptae
1093 1828 1244 1891 patre
1266 1819 1421 1889 suum
1461 1837 1560 1870 non
1593 1826 1784 1883 exorat,
1807 1817 1920 1888 agit
1960 1837 2067 1870 cum

343 1907 395 1940 co
427 1888 702 1941 dementiae.
775 1890 920 1940 Nam
959 1890 993 1942 fi
1017 1889 1294 1962 permittat.
1324 1888 1414 1942 hic
1450 1899 1616 1960 pater,
1641 1888 1708 1942 lis
1744 1888 1954 1942 tollitur
1976 1889 2065 1942 pfl
2090 1903 2158 1959 91

343 1957 548 2012 nullam
574 1959 715 2031 spem
742 1958 924 2025 faciat,
953 1958 1156 2022 utnon
1183 1960 1426 2026 demens,
1454 1958 1679 2014 crudelis
1706 1971 1848 2012 certe
1882 1960 2066 2014 videa-

342 2040 450 2095 tur,
479 2041 535 2084 et
557 2049 588 2083 a
611 2031 662 2084 se
675 2030 918 2103 judicem
942 2042 1161 2094 avertat.
1213 2033 1374 2085 Latro
1395 2031 1563 2103 igitur
1588 2030 1817 2102 optime„
1842 2030 2041 2085 occides
2054 2038 2074 2085 t.

342 2121 460 2173 ergo
485 2104 517 2154 ,ἕ
552 2101 614 2173 st
645 2113 830 2176 potero.
906 2103 1204 2169 Remiffius,
1253 2114 1310 2156 et
1357 2121 1450 2176 pro
1491 2102 1583 2156 suo
1629 2103 1874 2175 ingenie,
1918 2113 2080 2174 pater,

401 2275 420 2303 ἲ
452 2271 540 2310 vult
559 2271 611 2312 id.

345 2337 403 2364 or.
425 2333 464 2365 et
483 2326 615 2366 suum.

734 2277 752 2297 ¹·
782 2273 839 2311 ira
857 2272 911 2311 id.

861 2327 885 2366 d
959 2325 990 2364 d
1029 2277 1056 2302 ³⁵
1075 2273 1325 2313 exornaverit
1342 2271 1395 2313 id.
1414 2272 1510 2311 male
1521 2286 1534 2311 .·
1549 2271 1625 2327 sed
1638 2272 1724 2312 bene
1741 2271 1797 2311 ita
1815 2270 1979 2322 collocat,
1998 2283 2070 2312 ex-

727 2329 740 2357 t
769 2327 857 2367 occi
887 2335 927 2366 et
944 2325 959 2364 i
985 2354 996 2366 .

408 2479 480 2518 88.
520 2475 921 2519 Reus—damnatum
949 2476 1006 2520 iri
1040 2476 1164 2520 vide·
1247 2477 1468 2522 dicationis
1506 2477 1625 2520 causa
1666 2477 1843 2520 nimium
1882 2475 2067 2534 probat?

346 2532 489 2588 batur]
521 2535 650 2578 Ratio
668 2535 898 2594 postulabat
916 2535 999 2602 legi
1019 2537 1162 2579 Reum.
1250 2539 1292 2579 Si
1311 2539 1437 2587 enim,
1459 2545 1506 2578 ut
1525 2551 1634 2579 nunc
1663 2537 1799 2579 innuit
1825 2533 1977 2592 figura,
1996 2535 2069 2580 suo

348 2591 497 2648 Neque
529 2595 635 2636 enim
667 2595 803 2636 dicere
832 2592 928 2636 licet
957 2601 1044 2638 atur
1073 2609 1167 2637 reus
1248 2594 1344 2638 dolo
1373 2592 1580 2638 interfecit
1608 2593 1807 2646 fratrem3
1841 2591 1944 2661 quid
1973 2607 2074 2638 eum.

346 2651 616 2693 damnatum.-
650 2651 714 2694 sed
743 2651 830 2694 itur
847 2651 911 2695 vel
930 2662 1029 2695 eunt
1053 2653 1166 2707 judi·
1250 2663 1365 2712 pater
1380 2661 1542 2695 tantum
1557 2653 1752 2696 abdicat?
1773 2654 1808 2695 F
1811 2649 2070 2713 ilii'respfflu

349 2723 417 2750 ces
453 2709 694 2751 damnatum
726 2724 858 2753 reum.
910 2712 1066 2753 Verum
1101 2711 1166 2754 in·
1216 2753 1219 2770 ‚
1247 2712 1404 2753 minus.
1447 2713 1490 2754 Si
1523 2712 1648 2762 enim,
1672 2710 1784 2768 quod
1818 2710 1861 2752 in
1898 2707 2072 2768 speciem

347 2767 502 2810 dulfiffe
533 2766 605 2810 fibi
637 2767 797 2824 aliquid
824 2768 892 2811 hic
922 2770 1048 2811 etiam
1071 2769 1167 2812 usus

347 2825 606 2884 tyrannidem
626 2835 768 2867 contra
786 2841 924 2868 veram
951 2829 1168 2877 rationem,

348 2884 522 2942 ostendit
541 2884 624 2942 post
643 2883 825 2927 Voffium
855 2884 1097 2928 Perizonius
1116 2884 1168 2927 ad

351 2942 506 2984 Sanclii
533 2942 645 2984 Min.
685 2956 726 2994 3,
748 2957 790 2995 9,
817 2957 855 2995 3.
892 2957 936 2999 p.
959 2956 1062 2995 474.
1091 2944 1169 2986 ubi

349 3015 422 3067 nec
444 3000 526 3058 ipse
544 2999 612 3042 hic
641 3000 765 3043 Fabii
790 2999 905 3042 locus
924 3001 1170 3057 praetermit·

349 3068 471 3100 titur.

412 3119 483 3158 88.
506 3130 582 3158 non
595 3115 722 3158 durat
734 3114 847 3159 ultra
860 3117 1050 3172 poenam]
1071 3116 1169 3159 Non

348 3174 531 3217 obdurat
549 3174 751 3224 animum,
770 3189 853 3216 non
882 3174 1008 3232 potest
1039 3178 1170 3231 impe-

349 3247 440 3275 rare
466 3231 540 3275 fibi
567 3230 632 3274 vel
663 3232 717 3274 ab
745 3233 883 3275 animo
902 3241 1071 3289 paterno
1092 3235 1170 3275 im-

349 3300 510 3348 petrare
541 3291 772 3348 graviorem
807 3303 990 3347 poenam,
1015 3299 1064 3332 ut
1097 3291 1170 3332 de-

349 3348 446 3391 inde
465 3347 492 3389 s.
521 3363 568 3403 91
605 3347 747 3398 Dura,
773 3347 924 3390 anime.
967 3348 1045 3390 Sed
1065 3348 1171 3406 quid

349 3405 424 3449 fibi
443 3404 572 3448 velint
589 3420 683 3462 quae
711 3405 952 3463 sequuntur,
972 3420 1052 3448 non
1081 3406 1170 3463 pla-

350 3478 402 3506 ne
434 3461 632 3522 intellig).
684 3463 838 3519 Figura
867 3463 912 3506 in
936 3471 1063 3519 patre
1077 3464 1172 3520 plus

338 3519 472 3577 facit,
493 3534 616 3578 quam
634 3519 741 3569 licet,
759 3521 900 3586 insilio
919 3521 1066 3564 minus.
1095 3522 1173 3564 An

349 3581 446 3629 hoc,
476 3577 678 3636 Respec‘tu
707 3588 836 3636 patris
866 3579 1001 3637 figura
1035 3581 1077 3623 in
1097 3580 1172 3623 ab·

1248 2769 1420 2819 dicitur,
1459 2769 1585 2812 caedis
1623 2770 1816 2813 innocens
1859 2766 1928 2818 est,
1966 2767 2069 2825 quid

1250 2827 1505 2871 abdicatur?
1538 2828 1634 2870 ssed
1673 2826 1724 2870 sic
1744 2823 2072 2886 'Qinflilianus

1251 2885 1323 2927 sua
1361 2885 1444 2942 ipse
1489 2885 1630 2930 vineta
1677 2885 1840 2927 videtur
1887 2883 2069 2927 caederez

1251 2942 1491 2986 concesserat
1509 2946 1618 2986 enim
1638 2943 1711 2987 effe
1738 2943 1807 2986 hic
1838 2951 2072 2986 controver-

1252 3001 1347 3044 siam
1368 3001 1608 3058 figuratam.

1313 3076 1386 3116 91.
1419 3058 1585 3102 Occide:
1603 3073 1697 3115 ergo
1710 3057 1761 3112 ἲ]
1793 3058 2002 3103 Patronus
2022 3057 2075 3102 fi·

1253 3116 1317 3167 lii,
1337 3116 1400 3160 vel
1421 3116 1501 3173 ipse
1522 3117 1624 3160 adeo
1642 3116 1757 3160 filius
1787 3126 1944 3174 patrem
1970 3130 2074 3173 non,-

1251 3175 1352 3218 dum
1384 3185 1598 3218 exoratum
1631 3183 1768 3232 rogat,
1790 3174 1955 3217 Occides
1978 3187 2075 3231 ergo

1252 3233 1324 3275 illa
1356 3243 1428 3274 tua
1458 3233 1613 3277 duritie
1642 3232 1804 3276 filium?
1841 3232 2075 3289 Respondet

1253 3291 1337 3341 ille,
1346 3290 1389 3346 st
1398 3298 1562 3346 potero.-
1594 3290 1706 3348 quod
1726 3291 1831 3333 hanc
1851 3291 1977 3333 etiam
1998 3305 2074 3348 po-

1253 3349 1326 3392 test
1346 3349 1430 3391 vim
1451 3349 1613 3400 habere,
1634 3347 1661 3390 si
1682 3358 1824 3405 potero
1841 3362 2076 3406 expugnare

1253 3407 1440 3449 animum
1502 3418 1706 3455 aternum,
1727 3415 1768 3448 et
1797 3407 1959 3449 vincere
1987 3406 2076 3464 pie-

1253 3475 1398 3515 tatem,
1413 3423 1584 3518 jutiitiae
1605 3474 1644 3506 et
1665 3464 1890 3507 severitatis
1902 3466 2078 3520 cogita-

1253 3523 1384 3565 tione.
1445 3522 1527 3565 Illa
1563 3522 1705 3570 verba,
1743 3522 1886 3571 Dura,
1924 3522 2078 3572 anime,

1255 3589 1372 3637 pater
1419 3579 1632 3639 eloquitur
1678 3579 1790 3637 apud
1841 3579 2079 3624 Gallionem
