<?xml version="1.0" encoding="UTF-8"?>
<!DOCTYPE html PUBLIC "-//W3C//DTD XHTML 1.0 Transitional//EN"
    "http://www.w3.org/TR/xhtml1/DTD/xhtml1-transitional.dtd">
<html xmlns="http://www.w3.org/1999/xhtml" xml:lang="en" lang="en">
 <head>
  <title>
</title>
<meta http-equiv="Content-Type" content="text/html;charset=utf-8" />
  <meta name='ocr-system' content='tesseract 3.04.00' />
  <meta name='ocr-capabilities' content='ocr_page ocr_carea ocr_par ocr_line ocrx_word'/>
</head>
<body>
  <div class='ocr_page' id='page_1' title='image "./deinstitutioneor02quinuoft_0272.png"; bbox 0 0 2320 4030; ppageno 0'>
   <div class='ocr_carea' id='block_1_1' title="bbox 299 332 399 395">
    <p class='ocr_par' dir='ltr' id='par_1_1' title="bbox 299 332 399 395">
     <span class='ocr_line' id='line_1_1' title="bbox 299 332 399 395; baseline -0.02 -10"><span class='ocrx_word' id='word_1_1' title='bbox 299 332 399 395; x_wconf 78' lang='lat'>264</span> 
     </span>
    </p>
   </div>
   <div class='ocr_carea' id='block_1_2' title="bbox 657 322 1601 379">
    <p class='ocr_par' dir='ltr' id='par_1_2' title="bbox 657 322 1601 379">
     <span class='ocr_line' id='line_1_2' title="bbox 657 322 1601 379; baseline -0.002 0"><span class='ocrx_word' id='word_1_2' title='bbox 657 329 745 379; x_wconf 92' lang='lat' dir='ltr'>M.</span> <span class='ocrx_word' id='word_1_3' title='bbox 779 328 984 379; x_wconf 78' lang='lat' dir='ltr'>FABII</span> <span class='ocrx_word' id='word_1_4' title='bbox 1028 322 1601 378; x_wconf 64' lang='lat' dir='ltr'><strong>QUINCT‘IL&#39;IANI</strong></span> 
     </span>
    </p>
   </div>
   <div class='ocr_carea' id='block_1_3' title="bbox 296 463 2110 942">
    <p class='ocr_par' dir='ltr' id='par_1_3' title="bbox 296 463 2026 538">
     <span class='ocr_line' id='line_1_3' title="bbox 296 463 2026 538; baseline -0.003 -14"><span class='ocrx_word' id='word_1_5' title='bbox 296 476 463 532; x_wconf 67' lang='lat' dir='ltr'>TatuS,</span> <span class='ocrx_word' id='word_1_6' title='bbox 513 463 568 518; x_wconf 83' lang='lat' dir='ltr'>in</span> <span class='ocrx_word' id='word_1_7' title='bbox 615 482 678 518; x_wconf 83' lang='lat' dir='ltr'>ea</span> <span class='ocrx_word' id='word_1_8' title='bbox 726 474 883 520; x_wconf 80' lang='lat' dir='ltr'>aetate</span> <span class='ocrx_word' id='word_1_9' title='bbox 931 463 1103 518; x_wconf 74' lang='lat' dir='ltr'>facere</span> <span class='ocrx_word' id='word_1_10' title='bbox 1141 464 1361 517; x_wconf 80' lang='lat' dir='ltr'>illorum</span> <span class='ocrx_word' id='word_1_11' title='bbox 1411 463 1762 530; x_wconf 80' lang='lat' dir='ltr'>mentionem,</span> <span class='ocrx_word' id='word_1_12' title='bbox 1813 463 1868 517; x_wconf 88' lang='lat' dir='ltr'>in</span> <span class='ocrx_word' id='word_1_13' title='bbox 1916 477 2026 538; x_wconf 81' lang='lat' dir='ltr'>qua</span> 
     </span>
    </p>

    <p class='ocr_par' dir='ltr' id='par_1_4' title="bbox 298 533 2110 613">
     <span class='ocr_line' id='line_1_4' title="bbox 298 533 2110 613; baseline -0.001 -21"><span class='ocrx_word' id='word_1_14' title='bbox 298 536 571 592; x_wconf 77' lang='lat' dir='ltr'>emendari</span> <span class='ocrx_word' id='word_1_15' title='bbox 607 536 837 608; x_wconf 77' lang='lat' dir='ltr'>possunt.</span> <span class='ocrx_word' id='word_1_16' title='bbox 911 538 995 589; x_wconf 86' lang='lat' dir='ltr'>Ita</span> <span class='ocrx_word' id='word_1_17' title='bbox 1024 545 1143 588; x_wconf 71' lang='lat' dir='ltr'>&#39;ueY</span> <span class='ocrx_word' id='word_1_18' title='bbox 1183 536 1246 588; x_wconf 85' lang='lat' dir='ltr'>fit</span> <span class='ocrx_word' id='word_1_19' title='bbox 1286 533 1393 606; x_wconf 89' lang='lat' dir='ltr'>ipsa</span> <span class='ocrx_word' id='word_1_20' title='bbox 1428 555 1528 588; x_wconf 81' lang='lat' dir='ltr'>vox</span> <span class='ocrx_word' id='word_1_21' title='bbox 1562 533 1795 605; x_wconf 84' lang='lat' dir='ltr'>primum</span> <span class='ocrx_word' id='word_1_22' title='bbox 1840 540 1925 604; x_wconf 87' lang='lat' dir='ltr'>(ut</span> <span class='ocrx_word' id='word_1_23' title='bbox 1959 539 2110 613; x_wconf 77' lang='lat' dir='ltr'><strong>fi032</strong></span> 
     </span>
    </p>

    <p class='ocr_par' dir='ltr' id='par_1_5' title="bbox 301 605 2025 680">
     <span class='ocr_line' id='line_1_5' title="bbox 301 605 2025 680; baseline -0.001 -18"><span class='ocrx_word' id='word_1_24' title='bbox 301 609 501 676; x_wconf 84' lang='lat' dir='ltr'>dicam)</span> <span class='ocrx_word' id='word_1_25' title='bbox 529 608 690 680; x_wconf 80' lang='lat' dir='ltr'>sana,</span> <span class='ocrx_word' id='word_1_26' title='bbox 716 607 772 661; x_wconf 88' lang='lat' dir='ltr'>id</span> <span class='ocrx_word' id='word_1_27' title='bbox 798 608 889 674; x_wconf 85' lang='lat' dir='ltr'>est,</span> <span class='ocrx_word' id='word_1_28' title='bbox 915 607 1009 660; x_wconf 88' lang='lat' dir='ltr'>nul</span> <span class='ocrx_word' id='word_1_29' title='bbox 1034 626 1127 659; x_wconf 91' lang='lat' dir='ltr'>um</span> <span class='ocrx_word' id='word_1_30' title='bbox 1154 624 1361 671; x_wconf 88' lang='lat' dir='ltr'>eorum,</span> <span class='ocrx_word' id='word_1_31' title='bbox 1386 605 1455 659; x_wconf 88' lang='lat' dir='ltr'>de</span> <span class='ocrx_word' id='word_1_32' title='bbox 1477 605 1672 678; x_wconf 87' lang='lat' dir='ltr'>quibus</span> <span class='ocrx_word' id='word_1_33' title='bbox 1697 606 1861 660; x_wconf 90' lang='lat' dir='ltr'>modo</span> <span class='ocrx_word' id='word_1_34' title='bbox 1882 617 1905 640; x_wconf 81' lang='lat'>2</span> <span class='ocrx_word' id='word_1_35' title='bbox 1934 624 2025 661; x_wconf 58' lang='lat' dir='ltr'>&lt;re-</span> 
     </span>
    </p>

    <p class='ocr_par' dir='ltr' id='par_1_6' title="bbox 300 676 2028 750">
     <span class='ocr_line' id='line_1_6' title="bbox 300 676 2028 750; baseline -0.001 -18"><span class='ocrx_word' id='word_1_36' title='bbox 300 680 424 746; x_wconf 85' lang='lat' dir='ltr'>tuli,</span> <span class='ocrx_word' id='word_1_37' title='bbox 449 679 677 750; x_wconf 84' lang='lat' dir='ltr'>patiatur</span> <span class='ocrx_word' id='word_1_38' title='bbox 700 677 1103 732; x_wconf 87' lang='lat' dir='ltr'>incommodum</span> <span class='ocrx_word' id='word_1_39' title='bbox 1131 698 1143 729; x_wconf 73' lang='grc' dir='ltr'><strong>ε</strong></span> <span class='ocrx_word' id='word_1_40' title='bbox 1183 676 1379 730; x_wconf 86' lang='lat' dir='ltr'>deinde</span> <span class='ocrx_word' id='word_1_41' title='bbox 1401 696 1507 730; x_wconf 86' lang='lat' dir='ltr'>non</span> <span class='ocrx_word' id='word_1_42' title='bbox 1522 677 1779 748; x_wconf 82' lang='lat' dir='ltr'>subsurda</span> <span class='ocrx_word' id='word_1_43' title='bbox 1801 691 1840 744; x_wconf 75' lang='lat'>³,</span> <span class='ocrx_word' id='word_1_44' title='bbox 1866 679 2028 745; x_wconf 74' lang='lat' dir='ltr'>rudis,</span> 
     </span>
    </p>

    <p class='ocr_par' dir='ltr' id='par_1_7' title="bbox 301 749 2029 821">
     <span class='ocr_line' id='line_1_7' title="bbox 301 749 2029 821; baseline -0.001 -17"><span class='ocrx_word' id='word_1_45' title='bbox 301 750 550 816; x_wconf 77' lang='lat' dir='ltr'>immanis,</span> <span class='ocrx_word' id='word_1_46' title='bbox 574 750 724 816; x_wconf 81' lang='lat' dir='ltr'>dura,</span> <span class='ocrx_word' id='word_1_47' title='bbox 751 749 940 821; x_wconf 81' lang='lat' dir='ltr'>rigida,</span> <span class='ocrx_word' id='word_1_48' title='bbox 963 769 1123 814; x_wconf 85' lang='lat' dir='ltr'>vana,</span> <span class='ocrx_word' id='word_1_49' title='bbox 1156 749 1486 820; x_wconf 62' lang='lat' dir='ltr'>prcepinguis‚</span> <span class='ocrx_word' id='word_1_50' title='bbox 1514 758 1608 800; x_wconf 85' lang='lat' dir='ltr'>aut</span> <span class='ocrx_word' id='word_1_51' title='bbox 1638 750 1815 815; x_wconf 82' lang='lat' dir='ltr'>tenuis,</span> <span class='ocrx_word' id='word_1_52' title='bbox 1842 749 2029 815; x_wconf 72' lang='lat' dir='ltr'>inanis,</span> 
     </span>
    </p>

    <p class='ocr_par' dir='ltr' id='par_1_8' title="bbox 302 819 2031 942">
     <span class='ocr_line' id='line_1_8' title="bbox 302 819 2031 942; baseline -0.001 -67"><span class='ocrx_word' id='word_1_53' title='bbox 302 822 507 886; x_wconf 70' lang='lat' dir='ltr'>acerba,</span> <span class='ocrx_word' id='word_1_54' title='bbox 524 820 730 893; x_wconf 73' lang='lat' dir='ltr'>pzfilla,</span> <span class='ocrx_word' id='word_1_55' title='bbox 755 819 935 885; x_wconf 84' lang='lat' dir='ltr'>mollis,</span> <span class='ocrx_word' id='word_1_56' title='bbox 961 819 1246 892; x_wconf 72' lang='lat' dir='ltr'>effeminata</span> <span class='ocrx_word' id='word_1_57' title='bbox 1269 840 1286 871; x_wconf 83' lang='lat'>.-</span> <span class='ocrx_word' id='word_1_58' title='bbox 1307 820 1541 942; x_wconf 51' lang='lat' dir='ltr'>ffiritus,</span> <span class='ocrx_word' id='word_1_59' title='bbox 1579 837 1679 871; x_wconf 89' lang='lat' dir='ltr'>nec</span> <span class='ocrx_word' id='word_1_60' title='bbox 1714 820 1896 886; x_wconf 81' lang='lat' dir='ltr'>brevis,</span> <span class='ocrx_word' id='word_1_61' title='bbox 1929 839 2031 873; x_wconf 83' lang='lat' dir='ltr'>nec</span> 
     </span>
     <span class='ocr_line' id='line_1_9' title="bbox 1343 911 1360 942; baseline 0 0"><span class='ocrx_word' id='word_1_62' title='bbox 1343 911 1360 942; x_wconf 85' lang='lat' dir='ltr'>z</span> 
     </span>
    </p>
   </div>
   <div class='ocr_carea' id='block_1_4' title="bbox 302 891 1271 966">
    <p class='ocr_par' dir='ltr' id='par_1_9' title="bbox 302 891 1271 966">
     <span class='ocr_line' id='line_1_10' title="bbox 302 891 1271 966; baseline -0.003 -20"><span class='ocrx_word' id='word_1_63' title='bbox 302 911 495 966; x_wconf 83' lang='lat' dir='ltr'>parum</span> <span class='ocrx_word' id='word_1_64' title='bbox 531 892 794 957; x_wconf 75' lang='lat' dir='ltr'>durabili5‚</span> <span class='ocrx_word' id='word_1_65' title='bbox 822 909 922 944; x_wconf 88' lang='lat' dir='ltr'>nec</span> <span class='ocrx_word' id='word_1_66' title='bbox 955 891 1009 943; x_wconf 81' lang='lat' dir='ltr'>in</span> <span class='ocrx_word' id='word_1_67' title='bbox 1039 910 1141 943; x_wconf 78' lang='lat' dir='ltr'>rece</span> <span class='ocrx_word' id='word_1_68' title='bbox 1175 900 1228 943; x_wconf 83' lang='lat' dir='ltr'>tu</span> <span class='ocrx_word' id='word_1_69' title='bbox 1246 892 1271 924; x_wconf 73' lang='lat' dir='ltr'><strong>b</strong></span> 
     </span>
    </p>
   </div>
   <div class='ocr_carea' id='block_1_5' title="bbox 1345 890 2111 967">
    <p class='ocr_par' dir='ltr' id='par_1_10' title="bbox 1345 890 2111 967">
     <span class='ocr_line' id='line_1_11' title="bbox 1345 890 2111 967; baseline 0.004 -25"><span class='ocrx_word' id='word_1_70' title='bbox 1345 890 1546 961; x_wconf 73' lang='lat' dir='ltr'>fficiliS.</span> <span class='ocrx_word' id='word_1_71' title='bbox 1620 890 1868 944; x_wconf 74' lang='lat' dir='ltr'>Dilucida</span> <span class='ocrx_word' id='word_1_72' title='bbox 1906 909 2031 945; x_wconf 86' lang='lat' dir='ltr'>vero</span> <span class='ocrx_word' id='word_1_73' title='bbox 2042 911 2111 967; x_wconf 83' lang='lat'>33</span> 
     </span>
    </p>
   </div>
   <div class='ocr_carea' id='block_1_6' title="bbox 302 961 2120 1460">
    <p class='ocr_par' dir='ltr' id='par_1_11' title="bbox 306 961 2032 1036">
     <span class='ocr_line' id='line_1_12' title="bbox 306 961 2032 1036; baseline -0.001 -19"><span class='ocrx_word' id='word_1_74' title='bbox 306 963 410 1018; x_wconf 83' lang='lat' dir='ltr'>&#39;erit</span> <span class='ocrx_word' id='word_1_75' title='bbox 439 962 799 1036; x_wconf 76' lang='lat' dir='ltr'><em>pronuntiatio,</em></span> <span class='ocrx_word' id='word_1_76' title='bbox 828 961 1088 1033; x_wconf 82' lang='lat' dir='ltr'>primum,</span> <span class='ocrx_word' id='word_1_77' title='bbox 1136 980 1154 1012; x_wconf 90' lang='lat'>1</span> <span class='ocrx_word' id='word_1_78' title='bbox 1194 961 1352 1014; x_wconf 83' lang='lat' dir='ltr'>verba</span> <span class='ocrx_word' id='word_1_79' title='bbox 1387 972 1500 1013; x_wconf 83' lang='lat' dir='ltr'>tota</span> <span class='ocrx_word' id='word_1_80' title='bbox 1540 962 1772 1032; x_wconf 79' lang='lat' dir='ltr'><em>exegerit,</em></span> <span class='ocrx_word' id='word_1_81' title='bbox 1801 981 2032 1033; x_wconf 89' lang='lat' dir='ltr'>quorum</span> 
     </span>
    </p>

    <p class='ocr_par' dir='ltr' id='par_1_12' title="bbox 302 1029 2120 1460">
     <span class='ocr_line' id='line_1_13' title="bbox 377 1029 2032 1105; baseline -0.001 -18"><span class='ocrx_word' id='word_1_82' title='bbox 377 1053 428 1087; x_wconf 86' lang='lat' dir='ltr'>rs</span> <span class='ocrx_word' id='word_1_83' title='bbox 464 1033 716 1098; x_wconf 82' lang='lat' dir='ltr'>devorari,</span> <span class='ocrx_word' id='word_1_84' title='bbox 741 1050 858 1103; x_wconf 86' lang='lat' dir='ltr'>pars</span> <span class='ocrx_word' id='word_1_85' title='bbox 883 1029 1076 1102; x_wconf 73' lang='lat' dir='ltr'>destitui</span> <span class='ocrx_word' id='word_1_86' title='bbox 1109 1031 1259 1097; x_wconf 88' lang='lat' dir='ltr'>solet,</span> <span class='ocrx_word' id='word_1_87' title='bbox 1285 1032 1544 1103; x_wconf 80' lang='lat' dir='ltr'>pler-isque</span> <span class='ocrx_word' id='word_1_88' title='bbox 1579 1043 1840 1085; x_wconf 82' lang='lat' dir='ltr'>extremas</span> <span class='ocrx_word' id='word_1_89' title='bbox 1874 1033 2032 1105; x_wconf 86' lang='lat' dir='ltr'>sylla-</span> 
     </span>
     <span class='ocr_line' id='line_1_14' title="bbox 302 1051 2036 1176; baseline -0.001 -16"><span class='ocrx_word' id='word_1_90' title='bbox 302 1051 405 1160; x_wconf 56' lang='grc' dir='ltr'>Εἰς</span> <span class='ocrx_word' id='word_1_91' title='bbox 432 1122 540 1158; x_wconf 91' lang='lat' dir='ltr'>non</span> <span class='ocrx_word' id='word_1_92' title='bbox 565 1103 976 1176; x_wconf 29' lang='lat' dir='ltr'>*proferentibuffi</span> <span class='ocrx_word' id='word_1_93' title='bbox 1000 1103 1129 1156; x_wconf 91' lang='lat' dir='ltr'>dum</span> <span class='ocrx_word' id='word_1_94' title='bbox 1156 1102 1387 1174; x_wconf 86' lang='lat' dir='ltr'>priorum</span> <span class='ocrx_word' id='word_1_95' title='bbox 1423 1102 1550 1155; x_wconf 87' lang='lat' dir='ltr'>sono</span> <span class='ocrx_word' id='word_1_96' title='bbox 1575 1102 1880 1175; x_wconf 81' lang='lat' dir='ltr'>indulgent.</span> <span class='ocrx_word' id='word_1_97' title='bbox 1930 1128 1932 1130; x_wconf 58' lang='grc'>’</span> <span class='ocrx_word' id='word_1_98' title='bbox 1954 1106 2036 1158; x_wconf 73' lang='lat' dir='ltr'>Ut</span> 
     </span>
     <span class='ocr_line' id='line_1_15' title="bbox 304 1173 2032 1245; baseline -0.001 -15"><span class='ocrx_word' id='word_1_99' title='bbox 304 1177 385 1230; x_wconf 79' lang='lat' dir='ltr'>est</span> <span class='ocrx_word' id='word_1_100' title='bbox 407 1186 588 1228; x_wconf 84' lang='lat' dir='ltr'>autem</span> <span class='ocrx_word' id='word_1_101' title='bbox 626 1174 903 1228; x_wconf 75' lang='lat' dir='ltr'>necessaria</span> <span class='ocrx_word' id='word_1_102' title='bbox 925 1175 1207 1227; x_wconf 88' lang='lat' dir='ltr'>verborum</span> <span class='ocrx_word' id='word_1_103' title='bbox 1243 1173 1564 1245; x_wconf 79' lang='lat' dir='ltr'>explanati0‚</span> <span class='ocrx_word' id='word_1_104' title='bbox 1593 1173 1666 1226; x_wconf 83' lang='lat' dir='ltr'>ita</span> <span class='ocrx_word' id='word_1_105' title='bbox 1701 1193 1892 1228; x_wconf 87' lang='lat' dir='ltr'>omnes</span> <span class='ocrx_word' id='word_1_106' title='bbox 1927 1175 2032 1228; x_wconf 85' lang='lat' dir='ltr'>im-</span> 
     </span>
     <span class='ocr_line' id='line_1_16' title="bbox 351 1245 2034 1310; baseline -0.001 -9"><span class='ocrx_word' id='word_1_107' title='bbox 351 1255 535 1301; x_wconf 76' lang='lat' dir='ltr'>utare⁶</span> <span class='ocrx_word' id='word_1_108' title='bbox 575 1256 632 1299; x_wconf 88' lang='lat' dir='ltr'>et</span> <span class='ocrx_word' id='word_1_109' title='bbox 671 1246 820 1300; x_wconf 86' lang='lat' dir='ltr'>velut</span> <span class='ocrx_word' id='word_1_110' title='bbox 854 1245 1198 1299; x_wconf 81' lang='lat' dir='ltr'><strong>adnumerare</strong></span> <span class='ocrx_word' id='word_1_111' title='bbox 1235 1245 1434 1310; x_wconf 73' lang='lat' dir='ltr'>literae,</span> <span class='ocrx_word' id='word_1_112' title='bbox 1458 1245 1760 1310; x_wconf 84' lang='lat' dir='ltr'>molestum,</span> <span class='ocrx_word' id='word_1_113' title='bbox 1788 1257 1845 1299; x_wconf 88' lang='lat' dir='ltr'>et</span> <span class='ocrx_word' id='word_1_114' title='bbox 1880 1246 2034 1300; x_wconf 87' lang='lat' dir='ltr'>odio-</span> 
     </span>
     <span class='ocr_line' id='line_1_17' title="bbox 335 1316 2120 1396; baseline -0.001 -24"><span class='ocrx_word' id='word_1_115' title='bbox 335 1337 447 1372; x_wconf 90' lang='lat' dir='ltr'>um.</span> <span class='ocrx_word' id='word_1_116' title='bbox 520 1319 667 1371; x_wconf 85' lang='lat' dir='ltr'>Nam</span> <span class='ocrx_word' id='word_1_117' title='bbox 709 1327 766 1370; x_wconf 88' lang='lat' dir='ltr'>et</span> <span class='ocrx_word' id='word_1_118' title='bbox 802 1316 1009 1370; x_wconf 85' lang='lat' dir='ltr'>vocales</span> <span class='ocrx_word' id='word_1_119' title='bbox 1050 1316 1466 1387; x_wconf 84' lang='lat' dir='ltr'>frequentissime</span> <span class='ocrx_word' id='word_1_120' title='bbox 1503 1327 1718 1381; x_wconf 85' lang='lat' dir='ltr'>coeunt,</span> <span class='ocrx_word' id='word_1_121' title='bbox 1760 1327 1815 1370; x_wconf 86' lang='lat' dir='ltr'>et</span> <span class='ocrx_word' id='word_1_122' title='bbox 1853 1317 2120 1396; x_wconf 88' lang='lat' dir='ltr'>conso-34</span> 
     </span>
     <span class='ocr_line' id='line_1_18' title="bbox 310 1386 2035 1460; baseline 0 -17"><span class='ocrx_word' id='word_1_123' title='bbox 310 1389 561 1444; x_wconf 82' lang='lat' dir='ltr'>nantium</span> <span class='ocrx_word' id='word_1_124' title='bbox 582 1388 826 1460; x_wconf 82' lang='lat' dir='ltr'>quaedam</span> <span class='ocrx_word' id='word_1_125' title='bbox 853 1388 1159 1459; x_wconf 82' lang='lat' dir='ltr'><strong>insequente</strong></span> <span class='ocrx_word' id='word_1_126' title='bbox 1178 1392 1199 1424; x_wconf 82' lang='lat'>‘³</span> <span class='ocrx_word' id='word_1_127' title='bbox 1239 1387 1407 1442; x_wconf 84' lang='lat' dir='ltr'>vocali</span> <span class='ocrx_word' id='word_1_128' title='bbox 1438 1386 1822 1441; x_wconf 84' lang='lat' dir='ltr'>diffimulantur</span> <span class='ocrx_word' id='word_1_129' title='bbox 1847 1409 1860 1441; x_wconf 73' lang='grc' dir='ltr'><strong>ε</strong></span> <span class='ocrx_word' id='word_1_130' title='bbox 1898 1389 2035 1443; x_wconf 83' lang='lat' dir='ltr'>utri-</span> 
     </span>
    </p>
   </div>
   <div class='ocr_carea' id='block_1_7' title="bbox 311 1459 1120 1534">
    <p class='ocr_par' dir='ltr' id='par_1_13' title="bbox 311 1459 1120 1534">
     <span class='ocr_line' id='line_1_19' title="bbox 311 1459 1120 1534; baseline -0.005 -19"><span class='ocrx_word' id='word_1_131' title='bbox 311 1461 480 1534; x_wconf 85' lang='lat' dir='ltr'>usque</span> <span class='ocrx_word' id='word_1_132' title='bbox 502 1459 807 1532; x_wconf 86' lang='lat' dir='ltr'>exemplum</span> <span class='ocrx_word' id='word_1_133' title='bbox 831 1459 1120 1531; x_wconf 86' lang='lat' dir='ltr'>posuimus,</span> 
     </span>
    </p>
   </div>
   <div class='ocr_carea' id='block_1_8' title="bbox 313 1603 674 1710">
    <p class='ocr_par' dir='ltr' id='par_1_14' title="bbox 313 1603 674 1710">
     <span class='ocr_line' id='line_1_20' title="bbox 368 1603 674 1653; baseline 0.003 -11"><span class='ocrx_word' id='word_1_134' title='bbox 368 1611 392 1642; x_wconf 75' lang='lat' dir='ltr'><strong><em>Y</em></strong></span> <span class='ocrx_word' id='word_1_135' title='bbox 419 1603 604 1653; x_wconf 73' lang='lat' dir='ltr'>Itemque</span> <span class='ocrx_word' id='word_1_136' title='bbox 622 1603 674 1643; x_wconf 88' lang='lat' dir='ltr'>G.</span> 
     </span>
     <span class='ocr_line' id='line_1_21' title="bbox 313 1659 559 1710; baseline -0.012 -12"><span class='ocrx_word' id='word_1_137' title='bbox 313 1665 435 1710; x_wconf 88' lang='lat' dir='ltr'>ceptu</span> <span class='ocrx_word' id='word_1_138' title='bbox 452 1659 559 1696; x_wconf 82' lang='lat' dir='ltr'>Jens.</span> 
     </span>
    </p>
   </div>
   <div class='ocr_carea' id='block_1_9' title="bbox 311 1709 1147 2660">
    <p class='ocr_par' dir='ltr' id='par_1_15' title="bbox 315 1709 862 1768">
     <span class='ocr_line' id='line_1_22' title="bbox 315 1709 862 1768; baseline -0.004 -17"><span class='ocrx_word' id='word_1_139' title='bbox 315 1713 391 1768; x_wconf 70' lang='lat' dir='ltr'>ipse</span> <span class='ocrx_word' id='word_1_140' title='bbox 409 1725 560 1766; x_wconf 85' lang='lat' dir='ltr'>quoque.</span> <span class='ocrx_word' id='word_1_141' title='bbox 669 1709 687 1735; x_wconf 81' lang='lat'>‘¹</span> <span class='ocrx_word' id='word_1_142' title='bbox 712 1721 790 1749; x_wconf 66' lang='lat' dir='ltr'>&#39;onr-</span> <span class='ocrx_word' id='word_1_143' title='bbox 811 1711 862 1749; x_wconf 89' lang='lat' dir='ltr'>G.</span> 
     </span>
    </p>

    <p class='ocr_par' dir='ltr' id='par_1_16' title="bbox 311 1843 1145 2601">
     <span class='ocr_line' id='line_1_23' title="bbox 378 1843 1138 1905; baseline 0 -15"><span class='ocrx_word' id='word_1_144' title='bbox 378 1862 450 1901; x_wconf 82' lang='lat'>32.</span> <span class='ocrx_word' id='word_1_145' title='bbox 468 1845 694 1905; x_wconf 84' lang='lat' dir='ltr'>subsurda]</span> <span class='ocrx_word' id='word_1_146' title='bbox 725 1843 874 1888; x_wconf 89' lang='lat' dir='ltr'>Nescio</span> <span class='ocrx_word' id='word_1_147' title='bbox 891 1858 943 1888; x_wconf 89' lang='lat' dir='ltr'>an</span> <span class='ocrx_word' id='word_1_148' title='bbox 963 1845 1138 1904; x_wconf 80' lang='lat' dir='ltr'>usquam</span> 
     </span>
     <span class='ocr_line' id='line_1_24' title="bbox 311 1902 1136 1964; baseline -0.002 -15"><span class='ocrx_word' id='word_1_149' title='bbox 311 1915 514 1964; x_wconf 69' lang='lat' dir='ltr'>praeterea</span> <span class='ocrx_word' id='word_1_150' title='bbox 530 1904 652 1947; x_wconf 85' lang='lat' dir='ltr'>exstet</span> <span class='ocrx_word' id='word_1_151' title='bbox 663 1913 751 1947; x_wconf 81' lang='lat' dir='ltr'>&#39;vox</span> <span class='ocrx_word' id='word_1_152' title='bbox 770 1904 824 1945; x_wconf 92' lang='lat' dir='ltr'>ob</span> <span class='ocrx_word' id='word_1_153' title='bbox 846 1903 886 1946; x_wconf 90' lang='lat' dir='ltr'>id</span> <span class='ocrx_word' id='word_1_154' title='bbox 907 1902 1040 1960; x_wconf 88' lang='lat' dir='ltr'>ipsum</span> <span class='ocrx_word' id='word_1_155' title='bbox 1059 1906 1136 1947; x_wconf 90' lang='lat' dir='ltr'>ob-</span> 
     </span>
     <span class='ocr_line' id='line_1_25' title="bbox 314 1961 1138 2015; baseline -0.002 -7"><span class='ocrx_word' id='word_1_156' title='bbox 314 1962 582 2008; x_wconf 81' lang='lat' dir='ltr'>scuriuscula.</span> <span class='ocrx_word' id='word_1_157' title='bbox 609 1963 653 2004; x_wconf 89' lang='lat' dir='ltr'>Si</span> <span class='ocrx_word' id='word_1_158' title='bbox 671 1961 1048 2005; x_wconf 83' lang='lat' dir='ltr'>servanda-omnino</span> <span class='ocrx_word' id='word_1_159' title='bbox 1067 1963 1138 2015; x_wconf 85' lang='lat' dir='ltr'>est,</span> 
     </span>
     <span class='ocr_line' id='line_1_26' title="bbox 315 2016 1139 2078; baseline -0.002 -13"><span class='ocrx_word' id='word_1_160' title='bbox 315 2036 394 2065; x_wconf 83' lang='lat' dir='ltr'>nec</span> <span class='ocrx_word' id='word_1_161' title='bbox 434 2020 541 2065; x_wconf 84' lang='lat' dir='ltr'>forte</span> <span class='ocrx_word' id='word_1_162' title='bbox 579 2019 903 2064; x_wconf 83' lang='lat' dir='ltr'>substituendum</span> <span class='ocrx_word' id='word_1_163' title='bbox 941 2016 1139 2078; x_wconf 57' lang='lat' dir='ltr'>absurda,</span> 
     </span>
     <span class='ocr_line' id='line_1_27' title="bbox 314 2076 1140 2137; baseline -0.002 -14"><span class='ocrx_word' id='word_1_164' title='bbox 314 2081 558 2137; x_wconf 80' lang='lat' dir='ltr'>interpreter</span> <span class='ocrx_word' id='word_1_165' title='bbox 603 2094 654 2121; x_wconf 87' lang='lat' dir='ltr'>ex</span> <span class='ocrx_word' id='word_1_166' title='bbox 706 2076 913 2122; x_wconf 67' lang='lat' dir='ltr'>intelleau</span> <span class='ocrx_word' id='word_1_167' title='bbox 961 2079 1140 2122; x_wconf 86' lang='lat' dir='ltr'>nominis</span> 
     </span>
     <span class='ocr_line' id='line_1_28' title="bbox 315 2135 1140 2194; baseline 0 -15"><span class='ocrx_word' id='word_1_168' title='bbox 315 2138 514 2189; x_wconf 67' lang='grc' dir='ltr'>ὑπόκωφος,</span> <span class='ocrx_word' id='word_1_169' title='bbox 535 2137 646 2193; x_wconf 91' lang='lat' dir='ltr'>quod</span> <span class='ocrx_word' id='word_1_170' title='bbox 677 2137 729 2178; x_wconf 86' lang='lat' dir='ltr'>ad</span> <span class='ocrx_word' id='word_1_171' title='bbox 759 2135 977 2178; x_wconf 85' lang='lat' dir='ltr'>absurdam</span> <span class='ocrx_word' id='word_1_172' title='bbox 1006 2148 1140 2194; x_wconf 89' lang='lat' dir='ltr'>quan-</span> 
     </span>
     <span class='ocr_line' id='line_1_29' title="bbox 317 2194 1139 2252; baseline 0.001 -15"><span class='ocrx_word' id='word_1_173' title='bbox 317 2195 418 2238; x_wconf 86' lang='lat' dir='ltr'>dam</span> <span class='ocrx_word' id='word_1_174' title='bbox 446 2204 487 2237; x_wconf 89' lang='lat' dir='ltr'>et</span> <span class='ocrx_word' id='word_1_175' title='bbox 517 2195 707 2238; x_wconf 84' lang='lat' dir='ltr'>absonam</span> <span class='ocrx_word' id='word_1_176' title='bbox 736 2194 1015 2244; x_wconf 78' lang='lat' dir='ltr'>stoliditatem,</span> <span class='ocrx_word' id='word_1_177' title='bbox 1035 2209 1139 2252; x_wconf 87' lang='lat' dir='ltr'>qua-</span> 
     </span>
     <span class='ocr_line' id='line_1_30' title="bbox 319 2250 1142 2302; baseline 0 -6"><span class='ocrx_word' id='word_1_178' title='bbox 319 2252 382 2296; x_wconf 88' lang='lat' dir='ltr'>les</span> <span class='ocrx_word' id='word_1_179' title='bbox 398 2253 592 2302; x_wconf 84' lang='lat' dir='ltr'>videntur</span> <span class='ocrx_word' id='word_1_180' title='bbox 619 2262 792 2296; x_wconf 89' lang='lat' dir='ltr'>conatus</span> <span class='ocrx_word' id='word_1_181' title='bbox 811 2250 1024 2295; x_wconf 81' lang='lat' dir='ltr'>surdorum</span> <span class='ocrx_word' id='word_1_182' title='bbox 1043 2266 1142 2296; x_wconf 86' lang='lat' dir='ltr'>cum</span> 
     </span>
     <span class='ocr_line' id='line_1_31' title="bbox 318 2308 1142 2368; baseline 0.001 -15"><span class='ocrx_word' id='word_1_183' title='bbox 318 2321 488 2355; x_wconf 85' lang='lat' dir='ltr'>movent</span> <span class='ocrx_word' id='word_1_184' title='bbox 535 2325 691 2368; x_wconf 87' lang='lat' dir='ltr'>organa</span> <span class='ocrx_word' id='word_1_185' title='bbox 741 2310 953 2368; x_wconf 86' lang='lat' dir='ltr'>loquendi,</span> <span class='ocrx_word' id='word_1_186' title='bbox 999 2308 1142 2354; x_wconf 87' lang='lat' dir='ltr'>referri</span> 
     </span>
     <span class='ocr_line' id='line_1_32' title="bbox 319 2369 1143 2428; baseline 0.001 -16"><span class='ocrx_word' id='word_1_187' title='bbox 319 2383 618 2428; x_wconf 86' lang='lat' dir='ltr'>nonnunquam</span> <span class='ocrx_word' id='word_1_188' title='bbox 637 2370 757 2412; x_wconf 87' lang='lat' dir='ltr'>docet</span> <span class='ocrx_word' id='word_1_189' title='bbox 777 2369 1022 2427; x_wconf 88' lang='lat' dir='ltr'>Stephanus.</span> <span class='ocrx_word' id='word_1_190' title='bbox 1047 2370 1143 2413; x_wconf 90' lang='lat' dir='ltr'>Erit</span> 
     </span>
     <span class='ocr_line' id='line_1_33' title="bbox 321 2427 1142 2487; baseline 0.002 -18"><span class='ocrx_word' id='word_1_191' title='bbox 321 2427 458 2484; x_wconf 84' lang='lat' dir='ltr'>:igitur</span> <span class='ocrx_word' id='word_1_192' title='bbox 479 2428 684 2487; x_wconf 79' lang='lat' dir='ltr'>ficbsurda</span> <span class='ocrx_word' id='word_1_193' title='bbox 721 2427 878 2478; x_wconf 87' lang='lat' dir='ltr'>eadem,</span> <span class='ocrx_word' id='word_1_194' title='bbox 916 2442 1012 2484; x_wconf 85' lang='lat' dir='ltr'>quae</span> <span class='ocrx_word' id='word_1_195' title='bbox 1047 2427 1142 2471; x_wconf 86' lang='lat' dir='ltr'><strong>Cic.</strong></span> 
     </span>
     <span class='ocr_line' id='line_1_34' title="bbox 325 2485 1145 2539; baseline 0.001 -12"><span class='ocrx_word' id='word_1_196' title='bbox 325 2487 450 2527; x_wconf 87' lang='lat' dir='ltr'>Orat.</span> <span class='ocrx_word' id='word_1_197' title='bbox 481 2502 521 2539; x_wconf 84' lang='lat'>3,</span> <span class='ocrx_word' id='word_1_198' title='bbox 548 2503 563 2527; x_wconf 89' lang='lat'>1</span> <span class='ocrx_word' id='word_1_199' title='bbox 579 2502 617 2537; x_wconf 89' lang='lat'>1,</span> <span class='ocrx_word' id='word_1_200' title='bbox 647 2485 701 2527; x_wconf 87' lang='lat' dir='ltr'>est</span> <span class='ocrx_word' id='word_1_201' title='bbox 729 2494 854 2529; x_wconf 88' lang='lat' dir='ltr'>extra</span> <span class='ocrx_word' id='word_1_202' title='bbox 883 2486 1040 2528; x_wconf 86' lang='lat' dir='ltr'><em>modum</em></span> <span class='ocrx_word' id='word_1_203' title='bbox 1069 2485 1145 2528; x_wconf 83' lang='lat' dir='ltr'>ab·</span> 
     </span>
     <span class='ocr_line' id='line_1_35' title="bbox 313 2544 770 2601; baseline 0.002 -16"><span class='ocrx_word' id='word_1_204' title='bbox 313 2544 422 2601; x_wconf 80' lang='lat' dir='ltr'>ana</span> <span class='ocrx_word' id='word_1_205' title='bbox 438 2551 560 2601; x_wconf 85' lang='lat' dir='ltr'>atque</span> <span class='ocrx_word' id='word_1_206' title='bbox 577 2544 770 2601; x_wconf 87' lang='lat' dir='ltr'>absurda.</span> 
     </span>
    </p>

    <p class='ocr_par' dir='ltr' id='par_1_17' title="bbox 389 2601 1147 2660">
     <span class='ocr_line' id='line_1_36' title="bbox 389 2601 1147 2660; baseline 0.003 -17"><span class='ocrx_word' id='word_1_207' title='bbox 389 2615 459 2653; x_wconf 86' lang='lat'>32.</span> <span class='ocrx_word' id='word_1_208' title='bbox 488 2603 636 2655; x_wconf 84' lang='lat' dir='ltr'>vana]</span> <span class='ocrx_word' id='word_1_209' title='bbox 675 2602 717 2644; x_wconf 90' lang='lat' dir='ltr'>Si</span> <span class='ocrx_word' id='word_1_210' title='bbox 734 2614 900 2644; x_wconf 78' lang='lat' dir='ltr'>vanam</span> <span class='ocrx_word' id='word_1_211' title='bbox 919 2601 1147 2660; x_wconf 80' lang='lat' dir='ltr'>intelligere</span> 
     </span>
    </p>
   </div>
   <div class='ocr_carea' id='block_1_10' title="bbox 325 2658 1154 2724">
    <p class='ocr_par' dir='ltr' id='par_1_18' title="bbox 325 2658 1154 2724">
     <span class='ocr_line' id='line_1_37' title="bbox 325 2658 1154 2724; baseline 0.004 -23"><span class='ocrx_word' id='word_1_212' title='bbox 325 2658 430 2701; x_wconf 85' lang='lat' dir='ltr'>velis</span> <span class='ocrx_word' id='word_1_213' title='bbox 451 2659 627 2710; x_wconf 87' lang='lat' dir='ltr'>inanem,</span> <span class='ocrx_word' id='word_1_214' title='bbox 649 2660 692 2724; x_wconf 76' lang='lat' dir='ltr'>in</span> <span class='ocrx_word' id='word_1_215' title='bbox 721 2674 806 2715; x_wconf 88' lang='lat' dir='ltr'>qua</span> <span class='ocrx_word' id='word_1_216' title='bbox 835 2659 940 2702; x_wconf 83' lang='lat' dir='ltr'>nihil</span> <span class='ocrx_word' id='word_1_217' title='bbox 967 2660 1013 2703; x_wconf 85' lang='lat' dir='ltr'>fit</span> <span class='ocrx_word' id='word_1_218' title='bbox 1039 2675 1154 2717; x_wconf 84' lang='lat' dir='ltr'>prae-.</span> 
     </span>
    </p>
   </div>
   <div class='ocr_carea' id='block_1_11' title="bbox 326 2716 1150 3121">
    <p class='ocr_par' dir='ltr' id='par_1_19' title="bbox 326 2716 1150 3121">
     <span class='ocr_line' id='line_1_38' title="bbox 327 2716 1145 2770; baseline 0.004 -13"><span class='ocrx_word' id='word_1_219' title='bbox 327 2725 391 2758; x_wconf 88' lang='lat' dir='ltr'>ter</span> <span class='ocrx_word' id='word_1_220' title='bbox 423 2727 646 2770; x_wconf 81' lang='lat' dir='ltr'>conatum3</span> <span class='ocrx_word' id='word_1_221' title='bbox 675 2716 810 2759; x_wconf 85' lang='lat' dir='ltr'>manis</span> <span class='ocrx_word' id='word_1_222' title='bbox 837 2717 990 2760; x_wconf 77' lang='lat' dir='ltr'>deinde</span> <span class='ocrx_word' id='word_1_223' title='bbox 1011 2719 1145 2761; x_wconf 89' lang='lat' dir='ltr'>nomi-</span> 
     </span>
     <span class='ocr_line' id='line_1_39' title="bbox 326 2774 1146 2831; baseline 0.002 -14"><span class='ocrx_word' id='word_1_224' title='bbox 326 2783 467 2826; x_wconf 83' lang='lat' dir='ltr'>natur,</span> <span class='ocrx_word' id='word_1_225' title='bbox 495 2785 536 2818; x_wconf 89' lang='lat' dir='ltr'>et</span> <span class='ocrx_word' id='word_1_226' title='bbox 566 2775 617 2817; x_wconf 88' lang='lat' dir='ltr'>ad</span> <span class='ocrx_word' id='word_1_227' title='bbox 648 2774 817 2817; x_wconf 88' lang='lat' dir='ltr'>alteram</span> <span class='ocrx_word' id='word_1_228' title='bbox 848 2774 960 2831; x_wconf 79' lang='lat' dir='ltr'>quali</span> <span class='ocrx_word' id='word_1_229' title='bbox 989 2775 1146 2819; x_wconf 69' lang='lat' dir='ltr'>classem</span> 
     </span>
     <span class='ocr_line' id='line_1_40' title="bbox 326 2831 1147 2890; baseline 0.001 -14"><span class='ocrx_word' id='word_1_230' title='bbox 326 2832 525 2876; x_wconf 86' lang='lat' dir='ltr'>vitiorum</span> <span class='ocrx_word' id='word_1_231' title='bbox 540 2833 730 2890; x_wconf 81' lang='lat' dir='ltr'>pertinet.</span> <span class='ocrx_word' id='word_1_232' title='bbox 754 2831 893 2890; x_wconf 81' lang='lat' dir='ltr'>Vasta,</span> <span class='ocrx_word' id='word_1_233' title='bbox 910 2834 1021 2890; x_wconf 91' lang='lat' dir='ltr'>quod</span> <span class='ocrx_word' id='word_1_234' title='bbox 1038 2834 1147 2876; x_wconf 89' lang='lat' dir='ltr'>Bur-</span> 
     </span>
     <span class='ocr_line' id='line_1_41' title="bbox 327 2889 1147 2946; baseline 0.001 -13"><span class='ocrx_word' id='word_1_235' title='bbox 327 2904 506 2933; x_wconf 86' lang='lat' dir='ltr'>mannus</span> <span class='ocrx_word' id='word_1_236' title='bbox 539 2891 607 2933; x_wconf 88' lang='lat' dir='ltr'>hic</span> <span class='ocrx_word' id='word_1_237' title='bbox 641 2889 724 2946; x_wconf 85' lang='lat' dir='ltr'>legi</span> <span class='ocrx_word' id='word_1_238' title='bbox 755 2890 889 2941; x_wconf 87' lang='lat' dir='ltr'>malit,</span> <span class='ocrx_word' id='word_1_239' title='bbox 909 2890 962 2933; x_wconf 84' lang='lat' dir='ltr'>e&#39;st</span> <span class='ocrx_word' id='word_1_240' title='bbox 991 2891 1081 2934; x_wconf 90' lang='lat' dir='ltr'>sane</span> <span class='ocrx_word' id='word_1_241' title='bbox 1106 2901 1147 2934; x_wconf 87' lang='lat' dir='ltr'>et</span> 
     </span>
     <span class='ocr_line' id='line_1_42' title="bbox 327 2948 1145 3006; baseline 0 -14"><span class='ocrx_word' id='word_1_242' title='bbox 327 2948 345 2993; x_wconf 85' lang='lat' dir='ltr'>i</span> <span class='ocrx_word' id='word_1_243' title='bbox 377 2949 462 2991; x_wconf 90' lang='lat' dir='ltr'>sum</span> <span class='ocrx_word' id='word_1_244' title='bbox 490 2950 604 2991; x_wconf 87' lang='lat' dir='ltr'>vocis</span> <span class='ocrx_word' id='word_1_245' title='bbox 624 2948 860 3005; x_wconf 75' lang='lat' dir='ltr'>epitheton5</span> <span class='ocrx_word' id='word_1_246' title='bbox 896 2948 959 3003; x_wconf 93' lang='lat' dir='ltr'>(v.</span> <span class='ocrx_word' id='word_1_247' title='bbox 982 2964 1024 3006; x_wconf 89' lang='lat' dir='ltr'>g.</span> <span class='ocrx_word' id='word_1_248' title='bbox 1050 2950 1145 2992; x_wconf 87' lang='lat' dir='ltr'>Cic.</span> 
     </span>
     <span class='ocr_line' id='line_1_43' title="bbox 328 2963 1149 3070; baseline 0.001 -21"><span class='ocrx_word' id='word_1_249' title='bbox 328 2963 381 3049; x_wconf 55' lang='lat' dir='ltr'>tl}</span> <span class='ocrx_word' id='word_1_250' title='bbox 401 3008 522 3048; x_wconf 85' lang='lat' dir='ltr'><strong>Orat.</strong></span> <span class='ocrx_word' id='word_1_251' title='bbox 547 3021 588 3059; x_wconf 87' lang='lat'>3,</span> <span class='ocrx_word' id='word_1_252' title='bbox 606 3022 674 3056; x_wconf 88' lang='lat'>12,</span> <span class='ocrx_word' id='word_1_253' title='bbox 696 3007 928 3070; x_wconf 77' lang='lat' dir='ltr'>Loquamur</span> <span class='ocrx_word' id='word_1_254' title='bbox 944 3021 1023 3049; x_wconf 88' lang='lat' dir='ltr'>non</span> <span class='ocrx_word' id='word_1_255' title='bbox 1042 3008 1149 3050; x_wconf 87' lang='lat' dir='ltr'>vaste</span> 
     </span>
     <span class='ocr_line' id='line_1_44' title="bbox 331 3062 1150 3121; baseline 0 -14"><span class='ocrx_word' id='word_1_256' title='bbox 331 3064 440 3119; x_wconf 87' lang='lat' dir='ltr'>&amp;c.)</span> <span class='ocrx_word' id='word_1_257' title='bbox 462 3063 526 3107; x_wconf 89' lang='lat' dir='ltr'>sed</span> <span class='ocrx_word' id='word_1_258' title='bbox 545 3064 658 3121; x_wconf 90' lang='lat' dir='ltr'>quod</span> <span class='ocrx_word' id='word_1_259' title='bbox 678 3064 731 3106; x_wconf 83' lang='lat' dir='ltr'>ab</span> <span class='ocrx_word' id='word_1_260' title='bbox 757 3062 924 3105; x_wconf 81' lang='lat' dir='ltr'>tmmam&#39;</span> <span class='ocrx_word' id='word_1_261' title='bbox 941 3065 1150 3121; x_wconf 86' lang='lat' dir='ltr'>quomodo</span> 
     </span>
    </p>
   </div>
   <div class='ocr_carea' id='block_1_12' title="bbox 330 3121 1158 3179">
    <p class='ocr_par' dir='ltr' id='par_1_20' title="bbox 330 3121 1158 3179">
     <span class='ocr_line' id='line_1_45' title="bbox 330 3121 1158 3179; baseline 0.001 -15"><span class='ocrx_word' id='word_1_262' title='bbox 330 3121 511 3173; x_wconf 75' lang='lat' dir='ltr'>differat,</span> <span class='ocrx_word' id='word_1_263' title='bbox 542 3136 623 3164; x_wconf 89' lang='lat' dir='ltr'>non</span> <span class='ocrx_word' id='word_1_264' title='bbox 649 3122 914 3179; x_wconf 78' lang='lat' dir='ltr'>reperiebam.</span> <span class='ocrx_word' id='word_1_265' title='bbox 960 3122 1104 3174; x_wconf 81' lang='lat' dir='ltr'>Rava,</span> <span class='ocrx_word' id='word_1_266' title='bbox 1127 3139 1158 3165; x_wconf 90' lang='lat' dir='ltr'>a.</span> 
     </span>
    </p>
   </div>
   <div class='ocr_carea' id='block_1_13' title="bbox 330 3179 1151 3643">
    <p class='ocr_par' dir='ltr' id='par_1_21' title="bbox 330 3179 1151 3643">
     <span class='ocr_line' id='line_1_46' title="bbox 331 3179 1149 3237; baseline 0.002 -16"><span class='ocrx_word' id='word_1_267' title='bbox 331 3194 418 3237; x_wconf 91' lang='lat' dir='ltr'>qua</span> <span class='ocrx_word' id='word_1_268' title='bbox 436 3180 595 3223; x_wconf 78' lang='lat' dir='ltr'>rabulae</span> <span class='ocrx_word' id='word_1_269' title='bbox 623 3179 869 3236; x_wconf 81' lang='lat' dir='ltr'>quibusdam</span> <span class='ocrx_word' id='word_1_270' title='bbox 887 3179 988 3221; x_wconf 75' lang='lat' dir='ltr'>diffl</span> <span class='ocrx_word' id='word_1_271' title='bbox 1009 3181 1149 3223; x_wconf 86' lang='lat' dir='ltr'>viden-</span> 
     </span>
     <span class='ocr_line' id='line_1_47' title="bbox 331 3237 1149 3289; baseline 0.001 -10"><span class='ocrx_word' id='word_1_272' title='bbox 331 3246 419 3288; x_wconf 87' lang='lat' dir='ltr'>tur,</span> <span class='ocrx_word' id='word_1_273' title='bbox 438 3253 520 3280; x_wconf 90' lang='lat' dir='ltr'>non</span> <span class='ocrx_word' id='word_1_274' title='bbox 552 3237 656 3280; x_wconf 89' lang='lat' dir='ltr'>male</span> <span class='ocrx_word' id='word_1_275' title='bbox 688 3237 770 3280; x_wconf 89' lang='lat' dir='ltr'>huc</span> <span class='ocrx_word' id='word_1_276' title='bbox 798 3238 1003 3289; x_wconf 79' lang='lat' dir='ltr'>convenit,</span> <span class='ocrx_word' id='word_1_277' title='bbox 1025 3237 1051 3281; x_wconf 83' lang='lat' dir='ltr'>fi</span> <span class='ocrx_word' id='word_1_278' title='bbox 1080 3253 1149 3280; x_wconf 89' lang='lat' dir='ltr'>co-</span> 
     </span>
     <span class='ocr_line' id='line_1_48' title="bbox 330 3296 1149 3359; baseline 0.001 -22"><span class='ocrx_word' id='word_1_279' title='bbox 330 3296 441 3359; x_wconf 83' lang='lat' dir='ltr'>gites</span> <span class='ocrx_word' id='word_1_280' title='bbox 471 3310 495 3338; x_wconf 93' lang='lat' dir='ltr'>r</span> <span class='ocrx_word' id='word_1_281' title='bbox 528 3305 568 3338; x_wconf 88' lang='lat' dir='ltr'>et</span> <span class='ocrx_word' id='word_1_282' title='bbox 601 3310 639 3338; x_wconf 87' lang='lat' dir='ltr'><em>v</em></span> <span class='ocrx_word' id='word_1_283' title='bbox 673 3309 880 3352; x_wconf 85' lang='lat' dir='ltr'>parum,u</span> <span class='ocrx_word' id='word_1_284' title='bbox 914 3303 956 3336; x_wconf 80' lang='lat' dir='ltr'>et</span> <span class='ocrx_word' id='word_1_285' title='bbox 985 3311 1013 3338; x_wconf 87' lang='lat' dir='ltr'>n</span> <span class='ocrx_word' id='word_1_286' title='bbox 1046 3297 1149 3339; x_wconf 86' lang='lat' dir='ltr'>nihil</span> 
     </span>
     <span class='ocr_line' id='line_1_49' title="bbox 332 3352 1150 3396; baseline 0.001 -1"><span class='ocrx_word' id='word_1_287' title='bbox 332 3355 415 3395; x_wconf 68' lang='lat' dir='ltr'>tere</span> <span class='ocrx_word' id='word_1_288' title='bbox 435 3354 477 3395; x_wconf 85' lang='lat' dir='ltr'>in</span> <span class='ocrx_word' id='word_1_289' title='bbox 495 3354 621 3396; x_wconf 91' lang='lat' dir='ltr'>MSS.</span> <span class='ocrx_word' id='word_1_290' title='bbox 652 3353 841 3396; x_wconf 87' lang='lat' dir='ltr'>differre:</span> <span class='ocrx_word' id='word_1_291' title='bbox 872 3352 1006 3396; x_wconf 83' lang='lat' dir='ltr'>varia</span> <span class='ocrx_word' id='word_1_292' title='bbox 1025 3357 1150 3396; x_wconf 86' lang='lat' dir='ltr'>etiam</span> 
     </span>
     <span class='ocr_line' id='line_1_50' title="bbox 332 3409 1149 3468; baseline -0.001 -14"><span class='ocrx_word' id='word_1_293' title='bbox 332 3409 529 3454; x_wconf 84' lang='lat' dir='ltr'>facillime</span> <span class='ocrx_word' id='word_1_294' title='bbox 550 3412 591 3453; x_wconf 89' lang='lat' dir='ltr'>in</span> <span class='ocrx_word' id='word_1_295' title='bbox 610 3425 735 3453; x_wconf 80' lang='lat' dir='ltr'>vana</span> <span class='ocrx_word' id='word_1_296' title='bbox 753 3412 962 3468; x_wconf 84' lang='lat' dir='ltr'>corrumpi</span> <span class='ocrx_word' id='word_1_297' title='bbox 983 3414 1119 3468; x_wconf 86' lang='lat' dir='ltr'>potuit</span> <span class='ocrx_word' id='word_1_298' title='bbox 1136 3430 1149 3464; x_wconf 65' lang='grc' dir='ltr'><strong>ς</strong></span> 
     </span>
     <span class='ocr_line' id='line_1_51' title="bbox 335 3468 1151 3525; baseline 0 -14"><span class='ocrx_word' id='word_1_299' title='bbox 335 3469 448 3525; x_wconf 89' lang='lat' dir='ltr'>quod</span> <span class='ocrx_word' id='word_1_300' title='bbox 477 3468 505 3511; x_wconf 90' lang='lat' dir='ltr'>fi</span> <span class='ocrx_word' id='word_1_301' title='bbox 533 3469 757 3518; x_wconf 80' lang='lat' dir='ltr'>sumamuS,</span> <span class='ocrx_word' id='word_1_302' title='bbox 776 3468 901 3511; x_wconf 81' lang='lat' dir='ltr'>fuerit</span> <span class='ocrx_word' id='word_1_303' title='bbox 930 3468 1065 3511; x_wconf 80' lang='lat' dir='ltr'>varia</span> <span class='ocrx_word' id='word_1_304' title='bbox 1089 3469 1151 3512; x_wconf 82' lang='lat' dir='ltr'>in·</span> 
     </span>
     <span class='ocr_line' id='line_1_52' title="bbox 335 3526 1151 3583; baseline 0.001 -16"><span class='ocrx_word' id='word_1_305' title='bbox 335 3526 535 3576; x_wconf 88' lang='lat' dir='ltr'>constans,</span> <span class='ocrx_word' id='word_1_306' title='bbox 559 3528 601 3568; x_wconf 90' lang='lat' dir='ltr'>in</span> <span class='ocrx_word' id='word_1_307' title='bbox 630 3541 714 3583; x_wconf 87' lang='lat' dir='ltr'>qua</span> <span class='ocrx_word' id='word_1_308' title='bbox 742 3535 922 3569; x_wconf 83' lang='lat' dir='ltr'>tenorem</span> <span class='ocrx_word' id='word_1_309' title='bbox 948 3527 1151 3582; x_wconf 81' lang='lat' dir='ltr'>quendam</span> 
     </span>
     <span class='ocr_line' id='line_1_53' title="bbox 333 3583 1150 3643; baseline 0.004 -18"><span class='ocrx_word' id='word_1_310' title='bbox 333 3583 486 3628; x_wconf 82' lang='lat' dir='ltr'>servare</span> <span class='ocrx_word' id='word_1_311' title='bbox 513 3598 594 3628; x_wconf 91' lang='lat' dir='ltr'>non</span> <span class='ocrx_word' id='word_1_312' title='bbox 613 3584 749 3641; x_wconf 65' lang='lat' dir='ltr'>possm,</span> <span class='ocrx_word' id='word_1_313' title='bbox 771 3598 895 3642; x_wconf 89' lang='lat' dir='ltr'>quam</span> <span class='ocrx_word' id='word_1_314' title='bbox 917 3584 958 3627; x_wconf 83' lang='lat' dir='ltr'>iu</span> <span class='ocrx_word' id='word_1_315' title='bbox 979 3585 1150 3643; x_wconf 81' lang='lat' dir='ltr'>potesta-</span> 
     </span>
    </p>
   </div>
   <div class='ocr_carea' id='block_1_14' title="bbox 721 1602 2040 1710">
    <p class='ocr_par' dir='ltr' id='par_1_22' title="bbox 721 1602 2040 1710">
     <span class='ocr_line' id='line_1_54' title="bbox 780 1602 1240 1642; baseline -0.002 0"><span class='ocrx_word' id='word_1_316' title='bbox 780 1609 804 1631; x_wconf 72' lang='grc' dir='ltr'><strong>Ζ</strong></span> <span class='ocrx_word' id='word_1_317' title='bbox 831 1614 943 1642; x_wconf 89' lang='lat' dir='ltr'>nunc</span> <span class='ocrx_word' id='word_1_318' title='bbox 961 1602 1045 1640; x_wconf 84' lang='lat' dir='ltr'>dixi</span> <span class='ocrx_word' id='word_1_319' title='bbox 1066 1602 1116 1640; x_wconf 89' lang='lat' dir='ltr'>G.</span> <span class='ocrx_word' id='word_1_320' title='bbox 1135 1602 1240 1641; x_wconf 89' lang='lat' dir='ltr'>Jens.</span> 
     </span>
     <span class='ocr_line' id='line_1_55' title="bbox 721 1650 2040 1710; baseline 0.002 -16"><span class='ocrx_word' id='word_1_321' title='bbox 721 1661 738 1681; x_wconf 71' lang='lat'><strong><em>⁶</em></strong></span> <span class='ocrx_word' id='word_1_322' title='bbox 770 1656 836 1695; x_wconf 82' lang='lat' dir='ltr'>Sic</span> <span class='ocrx_word' id='word_1_323' title='bbox 855 1656 906 1695; x_wconf 94' lang='lat' dir='ltr'>G.</span> <span class='ocrx_word' id='word_1_324' title='bbox 924 1656 1030 1696; x_wconf 87' lang='lat' dir='ltr'>Jens.</span> <span class='ocrx_word' id='word_1_325' title='bbox 1057 1664 1092 1693; x_wconf 86' lang='lat' dir='ltr'>et</span> <span class='ocrx_word' id='word_1_326' title='bbox 1110 1650 1232 1696; x_wconf 83' lang='lat' dir='ltr'>MSS.</span> <span class='ocrx_word' id='word_1_327' title='bbox 1243 1655 1304 1708; x_wconf 84' lang='lat' dir='ltr'>pl.</span> <span class='ocrx_word' id='word_1_328' title='bbox 1325 1663 1387 1708; x_wconf 84' lang='lat' dir='ltr'>ap.</span> <span class='ocrx_word' id='word_1_329' title='bbox 1409 1658 1675 1705; x_wconf 83' lang='lat' dir='ltr'>Burmannum,</span> <span class='ocrx_word' id='word_1_330' title='bbox 1696 1658 1760 1710; x_wconf 82' lang='lat' dir='ltr'>qui</span> <span class='ocrx_word' id='word_1_331' title='bbox 1779 1661 1913 1696; x_wconf 71' lang='lat' dir='ltr'>rectum</span> <span class='ocrx_word' id='word_1_332' title='bbox 1924 1666 2040 1710; x_wconf 78' lang='lat' dir='ltr'>putat</span> 
     </span>
    </p>
   </div>
   <div class='ocr_carea' id='block_1_15' title="bbox 1351 1601 2039 1655">
    <p class='ocr_par' dir='ltr' id='par_1_23' title="bbox 1351 1601 2039 1655">
     <span class='ocr_line' id='line_1_56' title="bbox 1351 1601 2039 1655; baseline 0.004 -15"><span class='ocrx_word' id='word_1_333' title='bbox 1351 1608 1368 1629; x_wconf 81' lang='lat'>²</span> <span class='ocrx_word' id='word_1_334' title='bbox 1397 1602 1511 1641; x_wconf 82' lang='lat' dir='ltr'>surda</span> <span class='ocrx_word' id='word_1_335' title='bbox 1533 1604 1577 1641; x_wconf 90' lang='lat' dir='ltr'>V.</span> <span class='ocrx_word' id='word_1_336' title='bbox 1602 1601 1648 1641; x_wconf 87' lang='lat' dir='ltr'>C.</span> <span class='ocrx_word' id='word_1_337' title='bbox 1665 1602 1804 1642; x_wconf 86' lang='lat' dir='ltr'>Almd.</span> <span class='ocrx_word' id='word_1_338' title='bbox 1902 1602 1924 1634; x_wconf 81' lang='lat' dir='ltr'>b</span> <span class='ocrx_word' id='word_1_339' title='bbox 1944 1616 2039 1655; x_wconf 83' lang='lat' dir='ltr'>-per-</span> 
     </span>
    </p>
   </div>
   <div class='ocr_carea' id='block_1_16' title="bbox 1219 1843 2040 1961">
    <p class='ocr_par' dir='ltr' id='par_1_24' title="bbox 1219 1843 2040 1961">
     <span class='ocr_line' id='line_1_57' title="bbox 1220 1843 2040 1902; baseline 0.004 -16"><span class='ocrx_word' id='word_1_340' title='bbox 1220 1852 1260 1886; x_wconf 90' lang='lat' dir='ltr'>te</span> <span class='ocrx_word' id='word_1_341' title='bbox 1288 1843 1489 1886; x_wconf 86' lang='lat' dir='ltr'>adeo·n0n</span> <span class='ocrx_word' id='word_1_342' title='bbox 1512 1844 1683 1896; x_wconf 84' lang='lat' dir='ltr'>habeas,</span> <span class='ocrx_word' id='word_1_343' title='bbox 1703 1844 1768 1888; x_wconf 88' lang='lat' dir='ltr'>se&#39;d</span> <span class='ocrx_word' id='word_1_344' title='bbox 1787 1855 1882 1902; x_wconf 80' lang='lat' dir='ltr'>quae</span> <span class='ocrx_word' id='word_1_345' title='bbox 1902 1843 2040 1889; x_wconf 65' lang='lat' dir='ltr'>subito</span> 
     </span>
     <span class='ocr_line' id='line_1_58' title="bbox 1219 1902 2040 1961; baseline 0.004 -17"><span class='ocrx_word' id='word_1_346' title='bbox 1219 1903 1264 1944; x_wconf 89' lang='lat' dir='ltr'>in</span> <span class='ocrx_word' id='word_1_347' title='bbox 1307 1902 1438 1944; x_wconf 77' lang='lat' dir='ltr'>alium</span> <span class='ocrx_word' id='word_1_348' title='bbox 1488 1912 1632 1946; x_wconf 85' lang='lat' dir='ltr'>tonum</span> <span class='ocrx_word' id='word_1_349' title='bbox 1686 1902 1799 1961; x_wconf 77' lang='lat' dir='ltr'>&#39;quafi</span> <span class='ocrx_word' id='word_1_350' title='bbox 1845 1903 2040 1948; x_wconf 69' lang='lat' dir='ltr'>elidatur.</span> 
     </span>
    </p>
   </div>
   <div class='ocr_carea' id='block_1_17' title="bbox 1213 1961 2039 2020">
    <p class='ocr_par' dir='ltr' id='par_1_25' title="bbox 1213 1961 2039 2020">
     <span class='ocr_line' id='line_1_59' title="bbox 1213 1961 2039 2020; baseline 0.004 -17"><span class='ocrx_word' id='word_1_351' title='bbox 1213 1961 1342 2003; x_wconf 87' lang='lat' dir='ltr'>&#39;Certe</span> <span class='ocrx_word' id='word_1_352' title='bbox 1380 1961 1547 2018; x_wconf 87' lang='lat' dir='ltr'>quidvis</span> <span class='ocrx_word' id='word_1_353' title='bbox 1592 1961 1676 2006; x_wconf 87' lang='lat' dir='ltr'>fere</span> <span class='ocrx_word' id='word_1_354' title='bbox 1712 1961 1872 2013; x_wconf 88' lang='lat' dir='ltr'>malim,</span> <span class='ocrx_word' id='word_1_355' title='bbox 1910 1976 2039 2020; x_wconf 74' lang='lat' dir='ltr'>quam</span> 
     </span>
    </p>
   </div>
   <div class='ocr_carea' id='block_1_18' title="bbox 1220 2019 2043 2368">
    <p class='ocr_par' dir='ltr' id='par_1_26' title="bbox 1220 2019 1515 2076">
     <span class='ocr_line' id='line_1_60' title="bbox 1220 2019 1515 2076; baseline 0.003 -16"><span class='ocrx_word' id='word_1_356' title='bbox 1220 2019 1332 2076; x_wconf 92' lang='lat' dir='ltr'>quod</span> <span class='ocrx_word' id='word_1_357' title='bbox 1347 2019 1515 2076; x_wconf 83' lang='lat' dir='ltr'>legitur.</span> 
     </span>
    </p>

    <p class='ocr_par' dir='ltr' id='par_1_27' title="bbox 1221 2075 2043 2368">
     <span class='ocr_line' id='line_1_61' title="bbox 1283 2075 2042 2135; baseline 0.005 -16"><span class='ocrx_word' id='word_1_358' title='bbox 1283 2092 1354 2131; x_wconf 86' lang='lat'>32.</span> <span class='ocrx_word' id='word_1_359' title='bbox 1375 2077 1419 2120; x_wconf 88' lang='lat' dir='ltr'>in</span> <span class='ocrx_word' id='word_1_360' title='bbox 1436 2085 1595 2135; x_wconf 86' lang='lat' dir='ltr'>receptu</span> <span class='ocrx_word' id='word_1_361' title='bbox 1613 2075 1802 2134; x_wconf 63' lang='lat' dir='ltr'>difficilis]</span> <span class='ocrx_word' id='word_1_362' title='bbox 1825 2077 1925 2121; x_wconf 86' lang='lat' dir='ltr'>Vid.</span> <span class='ocrx_word' id='word_1_363' title='bbox 1942 2092 2042 2123; x_wconf 83' lang='lat' dir='ltr'>mox</span> 
     </span>
     <span class='ocr_line' id='line_1_62' title="bbox 1223 2134 2043 2252; baseline 0.001 -17"><span class='ocrx_word' id='word_1_364' title='bbox 1223 2134 1850 2252; x_wconf 58' lang='lat' dir='ltr'>s&#39;{{&#39;..1{ev0rari-destitu;]</span> <span class='ocrx_word' id='word_1_365' title='bbox 1896 2193 2043 2237; x_wconf 69' lang='lat' dir='ltr'>Deva.</span> 
     </span>
     <span class='ocr_line' id='line_1_63' title="bbox 1221 2251 2039 2309; baseline 0 -15"><span class='ocrx_word' id='word_1_366' title='bbox 1221 2251 1318 2294; x_wconf 85' lang='lat' dir='ltr'>rari</span> <span class='ocrx_word' id='word_1_367' title='bbox 1349 2252 1457 2295; x_wconf 87' lang='lat' dir='ltr'>idem</span> <span class='ocrx_word' id='word_1_368' title='bbox 1491 2252 1560 2302; x_wconf 79' lang='lat' dir='ltr'>est,</span> <span class='ocrx_word' id='word_1_369' title='bbox 1580 2252 1693 2309; x_wconf 88' lang='lat' dir='ltr'>quod</span> <span class='ocrx_word' id='word_1_370' title='bbox 1724 2253 1820 2295; x_wconf 89' lang='lat' dir='ltr'>Cic.</span> <span class='ocrx_word' id='word_1_371' title='bbox 1840 2252 1893 2295; x_wconf 87' lang='lat' dir='ltr'>de</span> <span class='ocrx_word' id='word_1_372' title='bbox 1917 2253 2039 2295; x_wconf 86' lang='lat' dir='ltr'>Orat.</span> 
     </span>
     <span class='ocr_line' id='line_1_64' title="bbox 1227 2309 2043 2368; baseline 0 -16"><span class='ocrx_word' id='word_1_373' title='bbox 1227 2325 1268 2363; x_wconf 86' lang='lat'>3,</span> <span class='ocrx_word' id='word_1_374' title='bbox 1293 2325 1364 2361; x_wconf 89' lang='lat'>11,</span> <span class='ocrx_word' id='word_1_375' title='bbox 1392 2309 1599 2368; x_wconf 86' lang='lat' dir='ltr'>obscurari</span> <span class='ocrx_word' id='word_1_376' title='bbox 1630 2309 1925 2367; x_wconf 84' lang='lat' dir='ltr'>negligentius;</span> <span class='ocrx_word' id='word_1_377' title='bbox 1954 2311 2043 2352; x_wconf 82' lang='lat' dir='ltr'>uti-</span> 
     </span>
    </p>
   </div>
   <div class='ocr_carea' id='block_1_19' title="bbox 1187 2367 2044 2418">
    <p class='ocr_par' dir='ltr' id='par_1_28' title="bbox 1187 2367 2044 2418">
     <span class='ocr_line' id='line_1_65' title="bbox 1187 2367 2044 2418; baseline 0.002 -8"><span class='ocrx_word' id='word_1_378' title='bbox 1187 2415 1189 2418; x_wconf 55' lang='grc'><strong>,</strong></span> <span class='ocrx_word' id='word_1_379' title='bbox 1224 2377 1295 2410; x_wconf 86' lang='lat' dir='ltr'>tur</span> <span class='ocrx_word' id='word_1_380' title='bbox 1340 2382 1389 2410; x_wconf 90' lang='lat' dir='ltr'>eo</span> <span class='ocrx_word' id='word_1_381' title='bbox 1437 2369 1563 2412; x_wconf 88' lang='lat' dir='ltr'>etiam</span> <span class='ocrx_word' id='word_1_382' title='bbox 1615 2369 1747 2411; x_wconf 87' lang='lat' dir='ltr'>nostra</span> <span class='ocrx_word' id='word_1_383' title='bbox 1795 2367 2044 2412; x_wconf 84' lang='lat' dir='ltr'>consuetudo</span> 
     </span>
    </p>
   </div>
   <div class='ocr_carea' id='block_1_20' title="bbox 1225 2424 2047 2832">
    <p class='ocr_par' dir='ltr' id='par_1_29' title="bbox 1225 2424 2047 2832">
     <span class='ocr_line' id='line_1_66' title="bbox 1225 2424 2043 2485; baseline 0.001 -17"><span class='ocrx_word' id='word_1_384' title='bbox 1225 2424 1523 2485; x_wconf 66' lang='lat' dir='ltr'>verschlingen.</span> <span class='ocrx_word' id='word_1_385' title='bbox 1580 2425 1756 2484; x_wconf 48' lang='lat' dir='ltr'>vestitui</span> <span class='ocrx_word' id='word_1_386' title='bbox 1790 2426 2043 2470; x_wconf 80' lang='lat' dir='ltr'>contrarium</span> 
     </span>
     <span class='ocr_line' id='line_1_67' title="bbox 1227 2484 2043 2534; baseline 0 -7"><span class='ocrx_word' id='word_1_387' title='bbox 1227 2485 1296 2534; x_wconf 86' lang='lat' dir='ltr'>est,</span> <span class='ocrx_word' id='word_1_388' title='bbox 1316 2499 1412 2527; x_wconf 87' lang='lat' dir='ltr'>cum</span> <span class='ocrx_word' id='word_1_389' title='bbox 1436 2484 1674 2527; x_wconf 89' lang='lat' dir='ltr'>deseruntur</span> <span class='ocrx_word' id='word_1_390' title='bbox 1692 2499 1717 2527; x_wconf 87' lang='lat' dir='ltr'>a</span> <span class='ocrx_word' id='word_1_391' title='bbox 1735 2484 1815 2526; x_wconf 88' lang='lat' dir='ltr'>suis</span> <span class='ocrx_word' id='word_1_392' title='bbox 1835 2484 2043 2528; x_wconf 81' lang='lat' dir='ltr'>sororibus</span> 
     </span>
     <span class='ocr_line' id='line_1_68' title="bbox 1226 2542 2044 2600; baseline -0.001 -15"><span class='ocrx_word' id='word_1_393' title='bbox 1226 2543 1419 2598; x_wconf 84' lang='lat' dir='ltr'>quaedam</span> <span class='ocrx_word' id='word_1_394' title='bbox 1450 2542 1631 2600; x_wconf 72' lang='lat' dir='ltr'>syllabae,</span> <span class='ocrx_word' id='word_1_395' title='bbox 1658 2542 1738 2586; x_wconf 87' lang='lat' dir='ltr'>fine</span> <span class='ocrx_word' id='word_1_396' title='bbox 1768 2542 1924 2599; x_wconf 86' lang='lat' dir='ltr'>quibus</span> <span class='ocrx_word' id='word_1_397' title='bbox 1952 2542 2044 2599; x_wconf 85' lang='lat' dir='ltr'>pla·</span> 
     </span>
     <span class='ocr_line' id='line_1_69' title="bbox 1227 2600 2042 2658; baseline 0.004 -16"><span class='ocrx_word' id='word_1_398' title='bbox 1227 2613 1331 2651; x_wconf 82' lang='lat' dir='ltr'>cere,</span> <span class='ocrx_word' id='word_1_399' title='bbox 1344 2610 1416 2643; x_wconf 89' lang='lat' dir='ltr'>aut</span> <span class='ocrx_word' id='word_1_400' title='bbox 1434 2600 1611 2658; x_wconf 80' lang='lat' dir='ltr'>intelligi</span> <span class='ocrx_word' id='word_1_401' title='bbox 1630 2601 1746 2652; x_wconf 82' lang='lat' dir='ltr'>adeo,</span> <span class='ocrx_word' id='word_1_402' title='bbox 1765 2614 1846 2643; x_wconf 90' lang='lat' dir='ltr'>non</span> <span class='ocrx_word' id='word_1_403' title='bbox 1866 2600 2042 2656; x_wconf 79' lang='lat' dir='ltr'>possunt.</span> 
     </span>
     <span class='ocr_line' id='line_1_70' title="bbox 1227 2658 2044 2718; baseline 0.001 -18"><span class='ocrx_word' id='word_1_404' title='bbox 1227 2659 1351 2718; x_wconf 82' lang='lat' dir='ltr'>Qod</span> <span class='ocrx_word' id='word_1_405' title='bbox 1383 2658 1527 2701; x_wconf 87' lang='lat' dir='ltr'>deinde</span> <span class='ocrx_word' id='word_1_406' title='bbox 1553 2659 1711 2702; x_wconf 85' lang='lat' dir='ltr'>Fabius</span> <span class='ocrx_word' id='word_1_407' title='bbox 1739 2659 1942 2716; x_wconf 82' lang='lat' dir='ltr'>imputare</span> <span class='ocrx_word' id='word_1_408' title='bbox 1968 2659 2044 2710; x_wconf 76' lang='lat' dir='ltr'>ait,</span> 
     </span>
     <span class='ocr_line' id='line_1_71' title="bbox 1226 2715 2046 2768; baseline 0.002 -10"><span class='ocrx_word' id='word_1_409' title='bbox 1226 2727 1267 2758; x_wconf 88' lang='lat' dir='ltr'>et</span> <span class='ocrx_word' id='word_1_410' title='bbox 1305 2717 1426 2759; x_wconf 77' lang='lat' dir='ltr'><em>velut</em></span> <span class='ocrx_word' id='word_1_411' title='bbox 1454 2716 1723 2760; x_wconf 83' lang='lat' dir='ltr'>adnumerare</span> <span class='ocrx_word' id='word_1_412' title='bbox 1752 2717 1907 2768; x_wconf 84' lang='lat' dir='ltr'>literas,</span> <span class='ocrx_word' id='word_1_413' title='bbox 1941 2715 2046 2760; x_wconf 82' lang='lat' dir='ltr'>illud</span> 
     </span>
     <span class='ocr_line' id='line_1_72' title="bbox 1228 2773 2047 2832; baseline 0.002 -15"><span class='ocrx_word' id='word_1_414' title='bbox 1228 2773 1283 2817; x_wconf 87' lang='lat' dir='ltr'>est</span> <span class='ocrx_word' id='word_1_415' title='bbox 1315 2774 1470 2817; x_wconf 84' lang='lat' dir='ltr'>Tullio</span> <span class='ocrx_word' id='word_1_416' title='bbox 1501 2773 1531 2817; x_wconf 79' lang='lat' dir='ltr'>l.</span> <span class='ocrx_word' id='word_1_417' title='bbox 1568 2790 1608 2817; x_wconf 90' lang='lat' dir='ltr'>c.</span> <span class='ocrx_word' id='word_1_418' title='bbox 1642 2774 1871 2832; x_wconf 83' lang='lat' dir='ltr'>exprimere</span> <span class='ocrx_word' id='word_1_419' title='bbox 1900 2773 2047 2819; x_wconf 82' lang='lat' dir='ltr'>literas</span> 
     </span>
    </p>
   </div>
   <div class='ocr_carea' id='block_1_21' title="bbox 1223 2831 2046 2891">
    <p class='ocr_par' dir='ltr' id='par_1_30' title="bbox 1223 2831 2046 2891">
     <span class='ocr_line' id='line_1_73' title="bbox 1223 2831 2046 2891; baseline 0.001 -18"><span class='ocrx_word' id='word_1_420' title='bbox 1223 2831 1417 2888; x_wconf 83' lang='lat' dir='ltr'>putidius.</span> <span class='ocrx_word' id='word_1_421' title='bbox 1468 2833 1681 2875; x_wconf 83' lang='lat' dir='ltr'>Nimirum</span> <span class='ocrx_word' id='word_1_422' title='bbox 1714 2833 1922 2891; x_wconf 84' lang='lat' dir='ltr'>imputare</span> <span class='ocrx_word' id='word_1_423' title='bbox 1953 2833 2046 2882; x_wconf 79' lang='lat' dir='ltr'>red-</span> 
     </span>
    </p>
   </div>
   <div class='ocr_carea' id='block_1_22' title="bbox 1228 2890 2050 3526">
    <p class='ocr_par' dir='ltr' id='par_1_31' title="bbox 1228 2890 2050 3526">
     <span class='ocr_line' id='line_1_74' title="bbox 1228 2890 2046 2948; baseline 0.004 -16"><span class='ocrx_word' id='word_1_424' title='bbox 1228 2890 1317 2932; x_wconf 88' lang='lat' dir='ltr'>didi</span> <span class='ocrx_word' id='word_1_425' title='bbox 1352 2891 1501 2940; x_wconf 85' lang='lat' dir='ltr'>Fabio,</span> <span class='ocrx_word' id='word_1_426' title='bbox 1535 2892 1651 2948; x_wconf 85' lang='lat' dir='ltr'>quod</span> <span class='ocrx_word' id='word_1_427' title='bbox 1685 2890 2046 2935; x_wconf 84' lang='lat' dir='ltr'>accommodatum</span> 
     </span>
     <span class='ocr_line' id='line_1_75' title="bbox 1229 2948 2047 3006; baseline 0.004 -16"><span class='ocrx_word' id='word_1_428' title='bbox 1229 2948 1451 2991; x_wconf 86' lang='lat' dir='ltr'>admodum</span> <span class='ocrx_word' id='word_1_429' title='bbox 1475 2948 1528 2992; x_wconf 88' lang='lat' dir='ltr'>est</span> <span class='ocrx_word' id='word_1_430' title='bbox 1551 2949 1648 2991; x_wconf 88' lang='lat' dir='ltr'>huic</span> <span class='ocrx_word' id='word_1_431' title='bbox 1666 2950 1848 3006; x_wconf 87' lang='lat' dir='ltr'>negotio,</span> <span class='ocrx_word' id='word_1_432' title='bbox 1865 2949 2047 2993; x_wconf 64' lang='lat' dir='ltr'>trassum</span> 
     </span>
     <span class='ocr_line' id='line_1_76' title="bbox 1231 3006 2047 3064; baseline 0 -16"><span class='ocrx_word' id='word_1_433' title='bbox 1231 3006 1285 3048; x_wconf 87' lang='lat' dir='ltr'>ab</span> <span class='ocrx_word' id='word_1_434' title='bbox 1319 3006 1400 3057; x_wconf 90' lang='lat' dir='ltr'>his,</span> <span class='ocrx_word' id='word_1_435' title='bbox 1421 3008 1494 3064; x_wconf 83' lang='lat' dir='ltr'>qui</span> <span class='ocrx_word' id='word_1_436' title='bbox 1526 3008 1703 3050; x_wconf 82' lang='lat' dir='ltr'>rationes</span> <span class='ocrx_word' id='word_1_437' title='bbox 1729 3022 1825 3050; x_wconf 88' lang='lat' dir='ltr'>cum</span> <span class='ocrx_word' id='word_1_438' title='bbox 1855 3007 1938 3049; x_wconf 88' lang='lat' dir='ltr'>alio</span> <span class='ocrx_word' id='word_1_439' title='bbox 1967 3022 2047 3063; x_wconf 84' lang='lat' dir='ltr'>pu-</span> 
     </span>
     <span class='ocr_line' id='line_1_77' title="bbox 1231 3063 2047 3123; baseline 0.001 -18"><span class='ocrx_word' id='word_1_440' title='bbox 1231 3072 1338 3115; x_wconf 85' lang='lat' dir='ltr'>tant,</span> <span class='ocrx_word' id='word_1_441' title='bbox 1357 3075 1397 3107; x_wconf 89' lang='lat' dir='ltr'>et</span> <span class='ocrx_word' id='word_1_442' title='bbox 1417 3079 1508 3108; x_wconf 88' lang='lat' dir='ltr'>aera</span> <span class='ocrx_word' id='word_1_443' title='bbox 1527 3064 1699 3122; x_wconf 82' lang='lat' dir='ltr'>singula,</span> <span class='ocrx_word' id='word_1_444' title='bbox 1719 3065 1858 3123; x_wconf 85' lang='lat' dir='ltr'>capita</span> <span class='ocrx_word' id='word_1_445' title='bbox 1875 3063 2047 3122; x_wconf 77' lang='lat' dir='ltr'>lingula,</span> 
     </span>
     <span class='ocr_line' id='line_1_78' title="bbox 1229 3121 2047 3181; baseline 0.002 -18"><span class='ocrx_word' id='word_1_446' title='bbox 1229 3121 1444 3179; x_wconf 83' lang='lat' dir='ltr'>separatim</span> <span class='ocrx_word' id='word_1_447' title='bbox 1465 3133 1624 3181; x_wconf 87' lang='lat' dir='ltr'>ponunt</span> <span class='ocrx_word' id='word_1_448' title='bbox 1643 3137 1690 3166; x_wconf 86' lang='lat' dir='ltr'>ac</span> <span class='ocrx_word' id='word_1_449' title='bbox 1710 3122 1928 3166; x_wconf 84' lang='lat' dir='ltr'>recensent.</span> <span class='ocrx_word' id='word_1_450' title='bbox 1962 3123 2047 3165; x_wconf 92' lang='lat' dir='ltr'>Ne-</span> 
     </span>
     <span class='ocr_line' id='line_1_79' title="bbox 1231 3180 2047 3238; baseline 0.004 -16"><span class='ocrx_word' id='word_1_451' title='bbox 1231 3194 1310 3236; x_wconf 89' lang='lat' dir='ltr'>que</span> <span class='ocrx_word' id='word_1_452' title='bbox 1336 3190 1471 3223; x_wconf 86' lang='lat' dir='ltr'>tamen</span> <span class='ocrx_word' id='word_1_453' title='bbox 1503 3181 1738 3238; x_wconf 69' lang='lat' dir='ltr'>simpliciter</span> <span class='ocrx_word' id='word_1_454' title='bbox 1759 3180 1863 3224; x_wconf 90' lang='lat' dir='ltr'>illud</span> <span class='ocrx_word' id='word_1_455' title='bbox 1890 3187 2047 3237; x_wconf 84' lang='lat' dir='ltr'>compu-</span> 
     </span>
     <span class='ocr_line' id='line_1_80' title="bbox 1229 3239 2049 3282; baseline 0.002 -3"><span class='ocrx_word' id='word_1_456' title='bbox 1229 3245 1321 3280; x_wconf 83' lang='lat' dir='ltr'>tare</span> <span class='ocrx_word' id='word_1_457' title='bbox 1355 3239 1658 3282; x_wconf 82' lang='lat' dir='ltr'>damnaverim:</span> <span class='ocrx_word' id='word_1_458' title='bbox 1710 3239 1908 3282; x_wconf 85' lang='lat' dir='ltr'>nimirum</span> <span class='ocrx_word' id='word_1_459' title='bbox 1941 3239 2049 3281; x_wconf 87' lang='lat' dir='ltr'>ratio</span> 
     </span>
     <span class='ocr_line' id='line_1_81' title="bbox 1231 3296 2050 3354; baseline 0 -16"><span class='ocrx_word' id='word_1_460' title='bbox 1231 3310 1312 3338; x_wconf 89' lang='lat' dir='ltr'>non</span> <span class='ocrx_word' id='word_1_461' title='bbox 1332 3296 1431 3347; x_wconf 84' lang='lat' dir='ltr'>fuit,</span> <span class='ocrx_word' id='word_1_462' title='bbox 1452 3311 1577 3354; x_wconf 88' lang='lat' dir='ltr'>quare</span> <span class='ocrx_word' id='word_1_463' title='bbox 1605 3297 2050 3353; x_wconf 83' lang='lat' dir='ltr'>librarius.computare</span> 
     </span>
     <span class='ocr_line' id='line_1_82' title="bbox 1231 3353 2048 3412; baseline 0.001 -17"><span class='ocrx_word' id='word_1_464' title='bbox 1231 3363 1411 3397; x_wconf 87' lang='lat' dir='ltr'>mutaret</span> <span class='ocrx_word' id='word_1_465' title='bbox 1431 3355 1472 3396; x_wconf 90' lang='lat' dir='ltr'>in</span> <span class='ocrx_word' id='word_1_466' title='bbox 1489 3354 1718 3412; x_wconf 78' lang='lat' dir='ltr'>imputare3</span> <span class='ocrx_word' id='word_1_467' title='bbox 1738 3353 1839 3405; x_wconf 85' lang='lat' dir='ltr'>fuit,</span> <span class='ocrx_word' id='word_1_468' title='bbox 1858 3368 1933 3397; x_wconf 87' lang='lat' dir='ltr'>cur</span> <span class='ocrx_word' id='word_1_469' title='bbox 1950 3368 2048 3397; x_wconf 82' lang='lat' dir='ltr'>con-</span> 
     </span>
     <span class='ocr_line' id='line_1_83' title="bbox 1233 3411 2050 3469; baseline 0.002 -16"><span class='ocrx_word' id='word_1_470' title='bbox 1233 3420 1298 3453; x_wconf 86' lang='lat' dir='ltr'>tra</span> <span class='ocrx_word' id='word_1_471' title='bbox 1325 3411 1490 3463; x_wconf 73' lang='lat' dir='ltr'>faceret,</span> <span class='ocrx_word' id='word_1_472' title='bbox 1512 3414 1624 3469; x_wconf 86' lang='lat' dir='ltr'>quod</span> <span class='ocrx_word' id='word_1_473' title='bbox 1644 3427 1724 3455; x_wconf 90' lang='lat' dir='ltr'>non</span> <span class='ocrx_word' id='word_1_474' title='bbox 1745 3413 1802 3463; x_wconf 76' lang='lat' dir='ltr'>ita</span> <span class='ocrx_word' id='word_1_475' title='bbox 1821 3412 1976 3456; x_wconf 84' lang='lat' dir='ltr'>solenne</span> <span class='ocrx_word' id='word_1_476' title='bbox 1994 3412 2050 3455; x_wconf 83' lang='lat' dir='ltr'>est</span> 
     </span>
     <span class='ocr_line' id='line_1_84' title="bbox 1230 3468 1864 3526; baseline 0.003 -15"><span class='ocrx_word' id='word_1_477' title='bbox 1230 3468 1436 3526; x_wconf 83' lang='lat' dir='ltr'>imputare</span> <span class='ocrx_word' id='word_1_478' title='bbox 1456 3470 1532 3512; x_wconf 88' lang='lat' dir='ltr'>hoc</span> <span class='ocrx_word' id='word_1_479' title='bbox 1556 3470 1761 3513; x_wconf 65' lang='lat' dir='ltr'>inteueau</span> <span class='ocrx_word' id='word_1_480' title='bbox 1781 3472 1864 3513; x_wconf 69' lang='grc' dir='ltr'>διε.</span> 
     </span>
    </p>
   </div>
   <div class='ocr_carea' id='block_1_23' title="bbox 1232 3527 2050 3645">
    <p class='ocr_par' dir='ltr' id='par_1_32' title="bbox 1232 3527 2050 3645">
     <span class='ocr_line' id='line_1_85' title="bbox 1296 3527 2050 3587; baseline 0.005 -19"><span class='ocrx_word' id='word_1_481' title='bbox 1296 3544 1366 3581; x_wconf 84' lang='lat'>34.</span> <span class='ocrx_word' id='word_1_482' title='bbox 1389 3527 1610 3587; x_wconf 69' lang='lat' dir='ltr'>pofiaimus]</span> <span class='ocrx_word' id='word_1_483' title='bbox 1647 3545 1690 3585; x_wconf 91' lang='lat'>9,</span> <span class='ocrx_word' id='word_1_484' title='bbox 1719 3542 1764 3582; x_wconf 87' lang='lat'>4,</span> <span class='ocrx_word' id='word_1_485' title='bbox 1796 3543 1870 3582; x_wconf 89' lang='lat'>40,</span> <span class='ocrx_word' id='word_1_486' title='bbox 1902 3528 1978 3572; x_wconf 86' lang='lat' dir='ltr'>ubi</span> <span class='ocrx_word' id='word_1_487' title='bbox 2008 3538 2050 3571; x_wconf 84' lang='lat' dir='ltr'>et</span> 
     </span>
     <span class='ocr_line' id='line_1_86' title="bbox 1232 3583 1583 3645; baseline 0.009 -17"><span class='ocrx_word' id='word_1_488' title='bbox 1232 3583 1392 3644; x_wconf 88' lang='lat' dir='ltr'>reliqua</span> <span class='ocrx_word' id='word_1_489' title='bbox 1414 3600 1439 3629; x_wconf 84' lang='lat' dir='ltr'>a</span> <span class='ocrx_word' id='word_1_490' title='bbox 1457 3586 1488 3628; x_wconf 87' lang='lat' dir='ltr'>s.</span> <span class='ocrx_word' id='word_1_491' title='bbox 1515 3588 1583 3645; x_wconf 66' lang='lat'>36.</span> 
     </span>
    </p>
   </div>
  </div>
 </body>
</html>
