2320 4030
349 411 447 445 102
765 389 843 444 M.
877 388 1081 443 FABn
1116 375 1694 443 onth‘nmAm

348 529 660 586 conditione
691 530 813 584 usus
836 530 927 596 est,
955 528 1221 584 clamante
1245 527 1479 583 multum
1507 528 1782 594 advocato,
1808 523 2075 589 schemata

349 602 420 655 de
442 615 619 656 rerum
644 613 834 656 natura
858 601 1014 654 tolli:
1053 611 1117 654 ut
1151 599 1394 672 protinus
1427 600 1585 653 etiam
1624 610 1950 671 praeceptum
1989 601 2071 666 fit,
2118 628 2120 630 >

349 672 605 747 ejusmodi
645 673 829 746 figuris
864 672 1127 740 utendum
1157 681 1360 724 temere
1395 689 1502 724 non
1529 664 1647 724 esse.
1719 670 1966 729 Tertium
2003 672 2074 725 est
2094 669 2165 740 96

348 763 544 827 genus,
570 745 625 798 in
650 763 760 816 quo
783 743 890 797 sola
909 742 1104 807 melius
1128 741 1343 796 dicendi
1365 742 1563 824 petitur
1585 742 1784 795 occasio
1804 762 1816 794 ε
1844 739 2076 814 ideoque

347 815 409 869 id
436 816 628 870 Cicero
652 833 758 868 non
792 824 947 886 putat
977 813 1076 881 effe
1108 813 1332 884 pofitum
1370 832 1427 865 m
1467 813 1809 867 contentione
1825 825 1865 865 Ε.
1938 812 2076 869 Tale

349 887 423 940 est
461 886 619 952 illud,
664 904 773 956 quo
815 882 959 953 idem
1002 884 1173 937 utitur
1210 884 1266 938 in
1308 882 1582 949 Clodium,
1630 884 1821 954 Quibus
1859 882 1959 955 iste,
1987 885 2076 957 qui

348 958 512 1012 omnia
530 955 792 1031 sacrificia
814 953 963 1027 γυψὶ
979 959 1020 1021 ⁴¹,
1039 954 1206 1026 facile
1229 954 1294 1019 ab
1312 956 1378 1027 se
1412 956 1520 1008 deos
1550 954 1751 1028 placari
1778 956 1907 1028 pff
1930 956 2072 1012 arbi-

349 1031 601 1083 trabatur.
677 1026 856 1099 Ironia
901 1045 1121 1098 quoque
1159 1025 1213 1078 in
1258 1024 1363 1078 hoc
1402 1044 1599 1098 genere
1641 1027 1878 1079 materiae
1896 1036 1916 1058 θ
1965 1026 2071 1080 fre-
2094 1035 2163 1096 97

349 1099 688 1172 quentiffima
729 1099 821 1151 est.
896 1097 1004 1151 Sed
1045 1095 1448 1150 eruditiflimum
1490 1096 1676 1168 longe,
1707 1097 1740 1149 fi
1783 1115 1877 1168 per
1912 1096 2075 1159 aliam
2139 1099 2143 1101 ’

346 1190 464 1227 rem
489 1170 591 1242 alia
610 1165 895 1223 inducatur
913 1168 931 1201 f
952 1189 966 1219 ε
1006 1179 1070 1221 ut
1093 1186 1219 1226 cum
1241 1167 1485 1222 adversus
1519 1179 1828 1239 tyrannum,
1851 1169 1945 1239 qui
1976 1168 2074 1226 sub

345 1243 509 1314 pacto
532 1239 840 1296 abolitionis
861 1233 1291 1306 dominationem
1309 1238 1620 1311 deposuerat
1632 1250 1674 1305 g,
1699 1239 1775 1292 ait
1805 1240 2070 1312 competi,

348 1324 452 1379 tor,
481 1309 626 1366 Mihi
658 1312 712 1365 in
738 1322 784 1365 te
817 1312 977 1364 dicere
999 1331 1097 1363 non
1131 1310 1262 1377 licet,
1290 1321 1346 1362 tu
1370 1311 1420 1363 in
1445 1331 1518 1363 me
1542 1310 1641 1376 dic,
1669 1321 1715 1362 et
1742 1321 1877 1383 potes
1898 1331 1916 1362 .·
1953 1310 2071 1365 Nu-

344 1396 435 1457 per
459 1396 505 1454 te
529 1383 668 1438 volui
693 1384 921 1437 occidere.
995 1383 1264 1455 Frequens
1289 1381 1426 1435 illud
1443 1382 1469 1416 ¹¹
1508 1379 1599 1448 est,
1626 1399 1724 1435 nec
1749 1399 2072 1455 magnopere
2094 1379 2164 1454 98

347 1455 693 1527 captandum,
717 1453 865 1526 quod
900 1452 1204 1525 petiturai
1230 1451 1610 1524 jure‘urandoz
1652 1452 1745 1506 ut¹
1774 1471 1872 1525 pro
1907 1453 2071 1513 exhe-

267 1551 275 1558 ·
346 1523 552 1595 sedato,
578 1526 662 1579 Ita
686 1526 806 1579 mihi
830 1525 1086 1597 contingat
1108 1525 1279 1577 herede
1303 1529 1308 1534 ’
1353 1525 1417 1586 lio
1441 1524 1580 1578 mori.
1652 1524 1799 1577 Nam
1823 1535 1878 1579 et
1901 1524 1955 1578 in
1981 1534 2070 1579 tou

345 1609 466 1653 tum
477 1598 680 1670 jurare,
705 1597 798 1649 nifi
824 1596 918 1650 ubi
941 1596 1142 1649 neceffe
1165 1596 1253 1662 est,
1279 1595 1428 1667 gravi
1453 1595 1566 1648 viro
1587 1614 1771 1666 parum
1795 1597 2069 1652 convenit:

343 1665 402 1723 et
426 1671 498 1724 est
522 1689 553 1722 a
579 1671 782 1725 Seneca
814 1666 1021 1721 dictum
1057 1667 1350 1738 eleganter,
1374 1687 1470 1720 non
1497 1677 1822 1739 patronorum
1851 1669 1938 1722 hoc
1958 1661 2092 1740 ff,—

327 1742 432 1814 sed
470 1736 671 1812 taestium.
743 1735 865 1794 Nec
906 1749 1148 1793 meretur
1181 1738 1363 1805 fidem,
1407 1737 1503 1810 qui
1542 1737 1874 1800 sententiolae
1899 1739 2074 1812 gratia

334 1811 518 1886 juratx
558 1811 651 1866 nifi
682 1809 717 1864 fi
741 1810 906 1883 potest
942 1819 1054 1864 tam
1076 1811 1236 1876 bene,
1265 1827 1428 1883 quam
1465 1810 1872 1877 DemostheneS,
1898 1822 1960 1869 ut
1983 1811 2070 1869 su-

344 1890 441 1955 pra
477 1881 606 1953 dixi.
679 1881 1023 1938 Leviffirnum
1043 1894 1075 1917 ¹¹¹
1111 1891 1292 1936 autem
1337 1881 1427 1934 lon
1473 1892 1503 1934 e
1547 1900 1724 1955 genus
1771 1896 1838 1936 ex
1885 1883 2069 1950 verbo,
2092 1896 2162 1953 99

343 1954 542 2024 etiamfi
558 1966 580 1990 ¹⁵
615 1952 690 2008 est
723 1952 864 2026 apud
889 1952 1208 2007 Ciceronem
1231 1952 1287 2007 in
1314 1952 1382 2008 Cl
1454 1971 1581 2017 iam,
1607 1953 1892 2025 Praesertim
1920 1953 2072 2027 quam
2119 1951 2122 1955 ’
2147 1952 2152 1957 ’

345 2046 506 2083 omnes
552 2025 759 2079 amicam
805 2025 1019 2089 omnium
1058 2025 1222 2097 potius
1258 2045 1410 2097 quam
1449 2025 1730 2106 cujusquam
1754 2034 1774 2058 ⁰
1821 2024 2071 2081 inimicam

338 2107 668 2172 putaverunt.
745 2096 1169 2170 Comparationem
1209 2095 1460 2168 equidem
1501 2096 1658 2150 vldeo
1696 2096 1923 2178 figuram
1958 2116 2067 2154 non
2091 2116 2164 2149 100

344 2166 464 2235 effe,
507 2187 633 2223 cum
677 2168 738 2220 fit
780 2166 993 2220 interim
1034 2167 1381 2240 probationis,
1421 2167 1635 2220 interim
1679 2178 1842 2220 etlam
1883 2167 2069 2222 cauffae

343 2259 518 2312 genus
540 2261 554 2294 ε
592 2249 652 2294 et
685 2239 748 2292 fit
771 2239 893 2292 talis
918 2238 1031 2311 ejus
1056 2238 1243 2304 forma,
1269 2238 1440 2310 qualis
1467 2239 1538 2292 est
1562 2257 1658 2311 pro
1694 2240 1945 2306 Murena,
1978 2239 2071 2294 Vi·-

339 2311 479 2384 gilas
502 2321 557 2364 tu
579 2311 641 2364 de
675 2317 827 2375 noble,
852 2319 909 2363 ut
941 2311 1038 2363 tuis
1074 2310 1423 2382 consultoribus
1457 2310 1779 2381 respondeas.-
1817 2310 1922 2376 ille,
1947 2321 2005 2365 ut
2021 2321 2068 2378 P,

344 2404 438 2454 quo
462 2383 675 2436 intendit
691 2391 736 2450 q,
761 2391 956 2436 mature
980 2402 1086 2434 cum
1110 2382 1323 2435 exercitu
1350 2382 1618 2455 perveniat
1638 2403 1655 2434 .·
1695 2392 1740 2435 te
1780 2381 2066 2449 Gallorum,

345 2453 490 2507 illum
534 2453 850 2506 buccinarum
888 2464 1062 2507 cantus
1105 2453 1288 2507 excitat
1306 2464 1341 2518 ¹,
1391 2463 1447 2506 et
1489 2463 1683 2506 cetera.
1756 2453 1953 2508 Nescio
1999 2471 2068 2508 au

345 2525 599 2579 orationis
621 2523 802 2596 potius
824 2543 987 2595 quam
1016 2523 1289 2578 sententiae
1310 2524 1390 2578 fit.
1466 2520 1529 2576 Id
1565 2524 1710 2578 enim
1746 2523 1918 2579 solum
1942 2539 2067 2579 mu-
2092 2544 2161 2576 101

346 2606 509 2661 tatur,
537 2597 686 2668 quod
709 2613 815 2648 non
840 2595 1078 2648 universa
1098 2594 1370 2662 univerfiS,
1390 2595 1480 2649 sed
1505 2594 1708 2668 singula
1731 2594 1950 2668 singulis
1969 2614 2073 2669 op·

344 2678 636 2738 ponuntur.
706 2668 782 2719 Et
828 2666 1011 2720 Celsus
1059 2678 1259 2732 tamen,
1303 2676 1361 2721 et
1407 2685 1513 2719 non
1554 2666 1700 2738 negli
1745 2685 1839 2720 ens
1883 2667 2071 2722 auctor

344 2738 595 2794 Visellius
633 2737 690 2791 in
725 2736 827 2792 hac
864 2754 984 2792 eam
1019 2748 1168 2810 parte
1202 2736 1504 2810 posuerunt.
1579 2737 1706 2792 Ruti
1730 2738 1811 2792 ‘us
1848 2738 2071 2813 quidem

400 2923 417 2943 ⁶
449 2917 648 2957 concione
663 2916 770 2958 Jens.
894 2917 912 2943 ‘¹
944 2918 1080 2958 noscet
1099 2917 1151 2957 id.
1273 2923 1292 2947 θ
1321 2926 1474 2960 naturae
1494 2917 1548 2958 id.
1666 2915 1684 2942 f
1710 2918 1909 2959 indicetur
1926 2919 1979 2960 G.
2006 2919 2071 2960 in·

347 2971 515 3012 ducetur
529 2972 636 3011 Jens.
761 2978 779 3002 ⁸
810 2971 932 3022 sepos.
950 2974 1056 3012 Jens.
1175 2971 1196 2997 ¹¹
1227 2985 1296 3010 om.
1316 2972 1369 3009 id.
1494 2971 1505 2998 i
1539 2985 1609 3011 om.
1628 2971 1683 3011 id.
1811 2974 1825 2997 ¹
1850 2973 1993 3027 estam:
2012 2973 2069 3014 G.

345 3027 452 3076 Jens.
559 3031 590 3055 ¹¹¹
608 3025 751 3066 Laetiss‘.
767 3026 875 3065 Jens.
984 3032 1004 3051 ¹·
1025 3026 1149 3064 etiam
1168 3025 1268 3064 ficut
1284 3025 1389 3065 Jens.
1498 3026 1520 3050 0
1539 3025 1816 3077 cujuscunque
1835 3026 1889 3067 id.
1982 3031 2005 3063 Ρ
2019 3038 2072 3068 eo

348 3079 416 3134 ¹⁶7!st
437 3080 487 3119 G.
508 3079 615 3120 Jens.
724 3087 744 3117 ‘³
768 3079 897 3120 tendit
915 3080 968 3120 G.
987 3080 1196 3121 contendit
1211 3080 1318 3120 Jens.
1427 3083 1445 3104 ¹·
1464 3079 1661 3121 exuscitat
1678 3079 1731 3120 G.
1748 3080 1857 3122 Jens.

407 3231 478 3286 96.
509 3224 695 3272 Tertium
724 3227 778 3288 est
799 3229 951 3287 genus]
983 3229 1168 3289 Respicit
1249 3243 1320 3290 ap.
1341 3229 1482 3273 Senee.
1503 3224 1610 3274 Este.
1633 3228 1782 3273 Contr.
1804 3231 1902 3284 3‚8.
1927 3227 2021 3286 Nup

347 3287 401 3332 ad
419 3286 655 3345 divisionem
675 3287 706 3331 s.
729 3290 783 3330 66
835 3287 1069 3345 ropoiitam.
1249 3282 1290 3331 fe
1306 3287 1425 3332 volui
1451 3287 1651 3331 occideres
1682 3288 1835 3331 licebat
1862 3289 1973 3331 enim
2000 3296 2068 3345 ty-

409 3347 483 3401 §6.
553 3343 597 3387 ui
628 3344 763 3388 omnia
780 3303 994 3404 sacrificia
1027 3343 1164 3404 nqffet]
1247 3360 1441 3397 rannum,
1460 3354 1501 3388 et
1522 3346 1684 3403 legibus
1704 3347 1924 3404 praemium
1941 3345 2070 3390 statu·

348 3403 491 3446 Etiam
560 3416 649 3447 onae
671 3404 790 3456 Deae,
807 3405 852 3447 in
879 3403 998 3459 cujus
1026 3413 1168 3463 operto
1249 3412 1343 3447 tum
1363 3402 1709 3448 interfectoribus.

348 3460 501 3525 fuerat.
880 3519 888 3528 .
913 3517 922 3528 ·
979 3517 988 3528 ·
1108 3520 1117 3529 .
1311 3466 1460 3530 9·8.·ut
1477 3463 1613 3529 supra
1639 3462 1752 3530 diafi]
1785 3461 1817 3505 s.
1841 3464 1914 3506 62.
1945 3460 2070 3522 Cice-

376 3576 404 3618 b
424 3512 597 3619 ἰζῖοῐζίὶὲὸ
609 3517 1029 3624 ἆριῖᾗιῖαςξτίἷὲηοίῃτὲ]
1077 3520 1171 3621 ὃᾶἶῗ
1251 3534 1364 3624 {ames
1389 3534 1508 3623 iocus
1526 3534 1571 3623 :⁶13
1590 3518 1781 3625 (Ιῦῗέῗέ
1793 3522 1854 3624 ἕίὲ
1872 3521 2070 3578 procu-

348 3591 517 3678 iilitionis
544 3593 692 3677 ngmffign
720 3634 796 3680 hac
826 3636 871 3680 in
897 3593 1093 3681 rectiam
1117 3635 1173 3681 est
1358 3606 1370 3624 ο
1428 3593 1468 3635 ³·
1494 3585 1525 3637 p
1821 3609 1834 3623 ⁹
1858 3595 1904 3636 9·
