2320 4030
534 321 818 371 INSTIT.
852 318 1180 369 ORATOR.-
1223 319 1362 368 LIB.
1397 320 1511 368 ΧΠ.
1554 335 1630 368 10.
1828 329 1929 384 347

213 457 352 510 ratio
376 457 466 522 est,
489 456 582 528 qui
619 466 744 510 cum
771 456 826 508 in
863 455 1065 509 cithara
1091 454 1324 525 quinque
1350 455 1731 507 constituerunt
1754 454 1928 519 sonOS,
1980 464 1985 467 “

217 526 445 598 plurima
479 527 672 580 deinde
709 527 959 580 varietate
997 525 1268 595 complent
1301 524 1465 595 spatia
1502 524 1594 576 illa
1625 543 1928 587 nervorum,

220 609 380 668 atque
405 597 470 650 iis
500 615 637 670 quos
661 597 1102 668 interposuerunt,
1131 595 1364 648 inserunt
1388 595 1538 656 alios„
1568 605 1628 647 ut
1663 594 1815 665 pauci
1851 595 1934 647 illi

132 669 200 738 69
222 669 464 722 transitus
512 668 712 720 multos
759 667 957 738 gradus
1007 667 1255 718 habeant.
1331 665 1510 718 Plures
1558 665 1571 716 i
1619 665 1724 717 itur
1772 665 1935 718 etiam

152 756 155 758 ⁷
222 738 544 809 eloquentiae
569 738 749 802 facieS,
775 737 864 790 sed
889 736 1234 789 stultiffimum
1262 754 1517 807 quaerere,
1543 754 1574 788 a
1635 754 1794 805 quam
1818 754 1936 789 rec-

223 818 374 861 turus
398 809 448 862 se
488 809 548 860 fit
571 819 780 861 orator:
821 827 945 860 cum
981 807 1156 859 omnis
1192 806 1411 877 specieS,
1442 825 1562 877 quae
1594 806 1758 858 modo
1793 807 1940 859 recta

226 879 316 943 est,
341 879 532 932 habeat
558 880 728 941 usum,
756 884 916 950 atque
941 877 994 929 id
1019 878 1186 948 ipsum
1212 871 1372 930 omne
1393 879 1405 909 ¹
1445 878 1505 928 fit
1528 877 1766 939 oratori8‚
1793 876 1940 957 quod

226 949 391 1023 vulgo
421 970 580 1020 genus
616 950 811 1002 dicendi
843 961 1050 1002 vocant.
1124 949 1322 1000 Utetur
1345 948 1511 1012 enim,
1537 958 1599 1000 ut
1621 966 1704 1000 res
1739 958 1942 1018 exiget,

227 1021 498 1086 omnibuS‚
541 1038 640 1072 nec
684 1037 779 1091 pro
819 1019 1035 1072 cauffam
1080 1019 1260 1081 mod0,
1297 1018 1385 1070 sed
1429 1029 1482 1070 et
1503 1028 1522 1050 ¹²
1568 1037 1673 1090 pro
1703 1020 1942 1099 partibus

139 1102 207 1157 70
229 1090 433 1143 cauffae.
508 1093 651 1143 Nam
690 1101 752 1142 ut
787 1109 893 1142 non
917 1089 1104 1142 eodem
1143 1089 1306 1140 modo
1330 1107 1423 1158 pro
1447 1107 1536 1141 reo
1565 1089 1769 1159 capitis,
1796 1099 1851 1141 et
1886 1088 1943 1140 in

229 1161 515 1214 certamine
551 1161 879 1225 hereditatiS,
904 1172 958 1212 et
991 1159 1058 1211 de
1095 1159 1392 1212 inter-distis
1413 1166 1432 1184 ⁰
1469 1177 1531 1212 ac
1563 1159 1942 1240 sponfionibuS,

229 1241 286 1283 et
322 1231 389 1284 de
427 1241 570 1284 certa
602 1244 698 1293 re?
738 1231 936 1285 credita
958 1230 1132 1294 dicet3
1170 1230 1543 1293 sententiarum
1584 1249 1638 1281 1n
1663 1229 1861 1294 senatu,
1891 1241 1948 1283 et

230 1302 570 1367 concionum,
614 1313 669 1354 et
714 1302 1037 1372 privatorum
1092 1300 1423 1353 consiliorum
1486 1300 1708 1353 servabit
1764 1301 1946 1353 discri-

230 1372 413 1437 mina;
458 1373 621 1424 vitam
645 1383 667 1414 ‘¹
703 1391 768 1424 ex
804 1371 1102 1424 differentia
1131 1372 1462 1443 perfinarum,
1501 1371 1726 1436 locorum,
1766 1381 1856 1423 tem
1891 1392 1946 1424 o-

230 1463 439 1516 ramque
461 1443 720 1496 mutabit:
752 1442 836 1495 ‘ita
870 1443 923 1494 in
950 1442 1133 1494 eadem
1173 1443 1411 1494 oratione
1447 1441 1597 1493 aliter
1628 1442 1852 1501 concilia
1890 1442 1951 1507 it,

233 1531 350 1566 non.
366 1531 431 1566 ex
454 1513 650 1566 eisdem
677 1513 911 1585 partibus
937 1513 1067 1565 iram
1093 1523 1147 1566 et
1173 1512 1579 1565 misericordiam
1604 1523 1782 1584 petet:
1820 1513 1952 1566 alias

146 1594 208 1651 71
235 1583 303 1636 ad
326 1583 648 1649 docendum,
677 1584 803 1637 alias
827 1584 894 1637 ad
919 1583 1243 1635 movendum
1263 1594 1278 1615 ¹
1306 1583 1581 1635 adhibebit
1607 1594 1774 1636 arteS.·
1821 1584 1951 1637 Non

235 1673 374 1708 unus
409 1653 556 1707 color
582 1655 826 1727 prooemii,
863 1654 1186 1717 narrationiS,
1214 1664 1630 1725 argumentorum,
1659 1653 1952 1726 egnffonk,

230 1724 573 1799 perorationis,
600 1726 906 1778 servabitur.
969 1726 1132 1777 Dicet
1155 1724 1296 1777 idem
1323 1725 1570 1796 graviter,
1596 1726 1787 1791 severe,
1814 1727 1951 1778 acri-

237 1808 339 1862 ter,
378 1797 736 1861 vehementer,
777 1797 1061 1860 concitate,
1096 1795 1321 1866 copiose,
1361 1814 1554 1860 amare,
1593 1796 1832 1863 comiter,
1870 1816 1954 1850 re-

239 1867 403 1932 misse,
444 1867 726 1930 subtiliter,
770 1866 984 1932 blande,
1028 1866 1235 1930 leniter,
1279 1866 1524 1930 dulciter,
1564 1867 1811 1931 breviter,
1860 1886 1953 1920 ur·

151 1952 219 2006 72
239 1938 396 2003 bane,
425 1956 532 1990 non
558 1937 758 2010 ubique
786 1937 964 1990 fimilis
982 1946 1019 2002 ³,
1047 1936 1131 1988 sed
1162 1936 1362 2007 ubique
1380 1944 1394 1969 ³
1422 1955 1514 2008 par
1538 1937 1651 1990 fibi.
1725 1938 1813 1990 Sic
1850 1938 1958 2001 fiet,

238 2027 362 2062 cum
388 2008 462 2074 id,
488 2018 700 2080 propter
723 2007 868 2079 quod
906 2007 1136 2060 maxime
1160 2018 1398 2078 repertus
1422 2009 1491 2060 est
1521 2008 1643 2060 usus
1680 2009 1955 2075 orationiS,

237 2090 300 2133 ut
338 2079 482 2132 dicat
519 2090 575 2132 et
606 2078 822 2143 utiliter,
849 2089 902 2131 et
942 2079 1007 2131 ad
1040 2077 1374 2131 efficiendum
1411 2079 1556 2149 quod
1582 2079 1832 2144 intendit,
1859 2098 1956 2150 po-

238 2160 447 2203 tenter:
488 2159 603 2202 tum
637 2149 853 2203 laudem
880 2167 1095 2221 quoque
1133 2167 1231 2200 nec
1251 2158 1272 2181 ¹¹
1305 2147 1583 2201 dothorum
1621 2149 1784 2202 modo
1804 2161 1847 2214 '.‘‚
1870 2150 1960 2204 sed

154 2230 218 2287 73
243 2220 402 2273 etiam
450 2219 600 2292 vulgi
648 2219 1011 2289 consequatur.
1087 2219 1361 2272 Falluntur
1383 2230 1408 2252 ²
1454 2221 1599 2272 enim
1648 2221 1958 2291 plurimum,

242 2292 336 2362 qui
363 2290 605 2344 vitiosum
633 2301 688 2343 et
723 2301 1027 2361 corruptum
1065 2289 1276 2342 dicendi
1312 2295 1503 2362 genuS,
1532 2291 1676 2361 quod
1713 2299 1804 2344 aut
1842 2310 1959 2344 ver-

242 2360 432 2415 borum
458 2360 675 2415 licentia
694 2361 926 2426 resultat,
952 2370 1046 2413 aut
1071 2360 1360 2431 puerilibus
1383 2361 1705 2414 sententiolis
1742 2362 1959 2427 lascivit,

244 2444 339 2485 aut
365 2431 669 2484 immodico
705 2443 913 2484 tumore
947 2430 1219 2502 turgescit,
1257 2441 1350 2484 aut
1385 2431 1631 2484 inanibus
1666 2432 1799 2490 locis
1835 2434 1964 2486 bac-

245 2503 454 2567 chatur,
480 2513 574 2555 aut
615 2501 826 2567 casuris,
864 2503 895 2554 fi
935 2501 1119 2554 leviter
1158 2501 1510 2567 excutiantur,
1543 2502 1769 2556 flosculis
1806 2504 1962 2570 nitet,

246 2583 338 2626 aut
369 2571 662 2644 praecipitia
693 2591 787 2643 pro
824 2572 1139 2625 sublimibus
1176 2571 1358 2637 habet,
1385 2583 1477 2625 aut
1506 2572 1676 2644 specie
1707 2573 1966 2628 libertatis

249 2643 475 2696 insanit:
538 2643 711 2714 magis
758 2643 1054 2695 existimant
1073 2655 1091 2677 ²
1151 2642 1399 2713 populare
1456 2654 1615 2714 atque
1673 2645 1962 2725 plausibile.

161 2726 230 2782 74
252 2713 416 2768 Quod
439 2713 659 2786 quidem
685 2711 891 2783 placere
914 2712 1100 2769 multis
1125 2731 1224 2766 nec
1247 2713 1464 2778 infitior,
1490 2732 1590 2767 nec
1625 2734 1807 2769 miror.
1877 2718 1967 2770 Est

307 2894 318 2918 ‘
350 2906 432 2933 non
453 2895 503 2934 G.
524 2893 630 2934 Jens.
648 2910 692 2934 ex
711 2883 771 2935 o—e.
934 2902 966 2922 ’ὓ
997 2898 1140 2937 cauffae
1157 2898 1264 2936 Jens.
1341 2903 1344 2906 ’
1412 2905 1437 2927 ¹¹
1463 2913 1533 2938 om.
1554 2900 1605 2938 G.
1623 2899 1728 2939 Jens.
1854 2900 1878 2923 0
1906 2902 1970 2941 in-

253 2949 374 2986 ternis
393 2949 446 2987 G.
577 2953 691 3014 [gn.
709 2950 760 2988 G.
780 2950 885 2989 Jens.
1030 2960 1049 2990 q
1080 2950 1209 2989 multa
1230 2951 1322 2991 obr.
1338 2959 1472 2991 utram
1492 2955 1536 2989 V.
1562 2953 1607 2992 C.
1626 2953 1730 2992 Alm.
1760 2952 1863 2994 Quid
1861 2955 1908 3005 fi
1922 2964 1971 2994 ut

254 3015 452 3054 rationem
471 3030 517 3054 ex
535 3025 581 3055 ut
598 3029 683 3056 ram
701 3017 717 3055 ?
840 3023 854 3041 Τ
886 3018 1262 3068 monendumsens.
1370 3023 1385 3043 ⁸
1417 3018 1535 3057 fimul
1555 3020 1606 3058 G.
1623 3020 1728 3058 Jens.
1837 3022 1850 3044 ²
1880 3021 1976 3060 ubi-

255 3079 418 3119 cunque
435 3069 486 3108 G.
611 3075 630 3095 '¹
663 3083 746 3109 non
763 3071 869 3109 Jens.
993 3077 1010 3097 ¹
1042 3084 1203 3122 quoque
1222 3072 1279 3111 G.
1401 3077 1418 3097 ²
1451 3071 1612 3112 Fallunt
1629 3085 1665 3112 c.
1685 3073 1845 3124 plurimi
1864 3075 1971 3114 Jens.

256 3127 275 3146 ⁸
305 3122 532 3162 existiment
551 3124 602 3163 G.
624 3125 821 3163 existimet
837 3124 942 3163 Jens.

259 3270 378 3324 cujus
399 3278 515 3313 motu
534 3281 681 3314 ventus
701 3271 812 3322 inest,
834 3286 984 3329 aquam
1012 3280 1076 3314 at·
1157 3287 1249 3315 nem
1274 3287 1324 3316 ex
1341 3287 1426 3316 uno
1446 3282 1608 3316 tantum
1625 3274 1747 3317 aliter
1762 3284 1915 3318 motam
1946 3290 1971 3318 a

260 3337 469 3370 tenuatam
506 3339 546 3370 et
595 3328 830 3372 rarefac'ttnn
878 3330 1074 3372 dicerent.
1158 3329 1342 3381 Rollino,
1361 3342 1401 3373 et
1429 3332 1481 3374 ad
1511 3333 1771 3374 Gronovium
1802 3347 1876 3375 nos
1895 3335 1970 3375 ab·

262 3386 350 3428 Nec
372 3401 464 3428 vera
484 3388 590 3429 ratio
612 3387 736 3428 nimis
755 3386 940 3429 obscura.
1160 3387 1286 3443 legat,
1321 3388 1395 3445 qui
1434 3389 1485 3430 ad
1523 3390 1619 3432 Liv.
1660 3404 1701 3442 3,
1737 3405 1807 3443 37,
1839 3401 1878 3433 et
1917 3392 1971 3434 ad

323 3458 393 3494 70.
426 3443 549 3485 aliter
567 3443 811 3497 conciliabit]
853 3446 989 3486 Etiam
1011 3445 1079 3487 hic
1160 3445 1276 3486 Tac.
1316 3459 1356 3498 3,
1391 3460 1460 3499 37,
1491 3447 1718 3496 ostenderit,
1748 3448 1972 3492 solitarium

263 3499 462 3553 sapienter
481 3501 668 3557 prohibet
695 3502 891 3543 medicam
912 3515 1081 3544 manum
1162 3515 1452 3560 nonnunquam
1474 3503 1574 3548 illud
1596 3505 1708 3563 poni.

267 3558 548 3609 Burmannus,
571 3569 677 3602 certe
706 3559 862 3602 lacunae
895 3560 1082 3619 suspicio-
