2320 4030
626 295 910 347 1NST1T.
949 297 1291 347 ORATOR.
1329 293 1664 359 L13.‘1x.4.
1917 308 2012 359 143

195 427 266 483 60
286 433 419 506 quid
443 433 713 489 sententiis
739 444 831 488 aut
853 433 1175 507 eloquentiae
1193 444 1212 494 ‘f
1236 451 1345 485 non
1369 431 1605 485 nocebit.
1681 431 2012 505 Praecipuum

287 518 468 559 tamen
494 506 550 560 in
576 507 682 560 hoc
717 525 850 578 opus
875 507 967 573 est,
991 506 1120 560 scire
1142 503 1288 577 quod
1304 514 1320 536 ⁸
1359 521 1578 575 quoque
1601 502 1723 556 loco
1750 505 1969 558 verbum
1992 512 2008 538 ³

286 577 521 631 maxime
558 577 801 651 quadret.
875 578 1062 650 Atque
1100 576 1146 630 is
1183 575 1387 647 optime
1424 583 1731 646 componet,
1770 575 1865 646 qui
1902 576 2010 630 hoc

286 647 457 701 solum
496 647 854 721 componendi
896 649 1070 721 gratia
1109 646 1286 700 faciet.
1359 645 1520 700 Ratio
1558 663 1683 698 vero
1722 646 1921 717 pedum
1954 647 2010 700 in

288 721 526 774 oratione
562 721 634 774 est
671 719 864 786 mult0,
900 739 1068 791 quam
1101 717 1158 771 in
1203 717 1370 782 versu,
1409 715 1708 770 difficilior:
1757 717 2010 788 primum,

287 791 436 861 quod
461 793 633 864 versus
656 791 836 863 paucis
862 791 1184 854 continetur,
1209 788 1364 842 oratio
1386 787 1658 859 longiores
1681 787 1844 842 habet
1879 788 2014 860 saepe

290 862 579 916 circuitus:
620 863 833 928 deinde,
861 861 1007 934 quod
1042 861 1213 932 versus
1250 859 1450 931 semper
1489 858 1669 913 fimilis
1710 858 1803 911 fibi
1842 860 1932 926 est,
1959 872 2015 915 et

289 951 397 986 una
420 934 622 987 ratione
647 933 908 987 decurrit:
936 932 1167 986 orationis
1192 930 1503 1003 compositio
1527 929 1616 982 nifi
1646 929 1783 984 varia
1807 931 1880 983 est
1890 939 1932 997 ¹¹,
1958 943 2017 985 et

199 1003 266 1055 61
293 1003 516 1059 offendit
533 1015 555 1038 Χ
582 1003 943 1070 similitudine,
969 1014 1025 1057 et
1045 1001 1415 1058 affe&atione2
1438 1001 1869 1074 deprehenditur.
1943 1005 2018 1057 Et

292 1075 350 1127 in
375 1076 522 1130 omni
547 1075 767 1148 quidem
791 1094 1032 1148 corpore,
1057 1086 1280 1146 totoque
1322 1081 1405 1144 (ut
1426 1071 1500 1126 ita
1531 1072 1778 1142 dixerim)
1819 1073 2011 1141 trastu,

293 1148 530 1201 numeris
557 1148 747 1201 inserta
771 1148 842 1200 est
861 1163 898 1200 ².
972 1148 1168 1228 Neque
1203 1144 1346 1199 enim
1383 1143 1535 1216 loqui
1607 1143 1838 1199 offumus
1854 1148 1898 1213 b,
1922 1147 2015 1200 nifi

292 1236 324 1270 e
348 1218 563 1291 syllabis
587 1219 838 1272 brevibus
860 1238 923 1273 ac
946 1218 1147 1290 longis,
1172 1235 1239 1270 ex
1261 1215 1460 1288 quibus
1482 1162 1643 1287 pedes
1668 1214 1822 1269 fiunt.
1885 1216 2016 1270 Ma..

292 1290 381 1362 gis
406 1296 584 1343 tame'n
609 1301 666 1344 et
689 1289 1008 1343 desideratur
1031 1290 1086 1341 in
1113 1287 1378 1352 clausuliS,
1405 1297 1461 1339 et
1483 1296 1725 1358 apparet:
1760 1287 2015 1359 primum,

292 1360 419 1432 quia
441 1362 617 1415 sensus
641 1361 816 1415 omnis
841 1361 1004 1415 habet
1026 1360 1177 1414 suum
1209 1359 1392 1424 finem,
1418 1357 1742 1430 poffidetque
1778 1361 2018 1415 naturale

292 1431 656 1499 intervallum,
700 1452 808 1505 quo
851 1452 884 1486 a
925 1431 1194 1504 sequentis
1236 1429 1392 1483 initio
1439 1429 1745 1482 dividatur:
1801 1429 2015 1498 deinde,

295 1503 444 1575 quod
489 1523 658 1570 aureS‚
701 1504 1011 1558 continuam
1055 1521 1242 1556 vocem
1289 1501 1501 1566 secutae,
1548 1500 1834 1582 du&aeque
1873 1502 2021 1557 velut

294 1593 465 1646 prono
491 1575 817 1641 decurrentis
847 1574 1103 1629 orationis
1126 1572 1367 1639 flumine,
1395 1583 1514 1625 tum
1546 1571 1721 1644 magis
1745 1572 2017 1644 judicant,

206 1645 274 1699 62
297 1665 421 1699 cum
445 1646 537 1700 ille
574 1646 808 1721 impetus
846 1647 1005 1713 stetit,
1032 1655 1089 1700 et
1124 1643 1368 1698 intuendi
1399 1654 1614 1713 tempus
1647 1642 1816 1696 dedit.
1890 1647 2019 1699 Non

295 1718 463 1790 igitur
485 1718 680 1772 durum
706 1719 766 1772 fit
790 1737 962 1790 neque
989 1719 1296 1789 abruptum,
1323 1734 1432 1786 quo
1468 1713 1634 1766 animi
1670 1714 1822 1768 velut
1855 1716 2018 1789 respi-

295 1799 414 1842 rant
436 1808 499 1842 ac
522 1789 852 1844 reficiuntur.
926 1792 1063 1844 Haec
1100 1789 1171 1843 est
1201 1787 1347 1840 sedes
1379 1785 1651 1850 orationis,
1678 1785 1785 1839 hoc
1809 1788 2022 1841 auditor

296 1861 694 1943 exspeOEtaghic
728 1861 845 1915 laus
879 1861 1056 1914 omnis
1092 1859 1411 1913 declamatc.
1489 1856 1785 1910 Proximam
1806 1859 1831 1892 ἃ
1867 1859 2019 1914 clau-

297 1931 425 1985 sulis
447 1932 781 2006 diligentiam
806 1933 1070 2005 postulant
1092 1931 1244 1984 initia
1265 1951 1279 1983 z
1319 1947 1446 1982 nam
1469 1939 1526 1981 et
1549 1927 1614 1980 ad
1639 1927 1757 1981 haec
1786 1929 2025 1986 intentus

205 2001 275 2071 63
300 2003 508 2058 auditor
528 2005 618 2058 est.
693 2003 803 2061 Sed
825 2022 1010 2058 eorum
1035 2002 1241 2056 facilior
1266 2001 1398 2054 ratio
1423 2000 1511 2052 est.
1586 1999 1716 2053 Non
1743 2000 1886 2054 enim
1924 2022 2021 2056 co-

301 2074 507 2128 haerent
544 2075 660 2129 aliis
677 2086 719 2143 ο,
751 2094 861 2133 χῐιεκῑ
902 2073 1328 2148 praecedentibus
1364 2071 1616 2136 serviunt,
1657 2069 1780 2124 sedf
1821 2091 2025 2129 novum

299 2146 577 2201 exordium
613 2147 912 2212 sumunt23
963 2165 1089 2200 cum
1129 2145 1240 2211 illa,
1283 2142 1583 2215 quamlibet
1619 2142 1679 2195 fit
1715 2146 2025 2215 composita,

301 2217 464 2288 ipsam
512 2219 738 2290 gratiam
788 2218 992 2290 perdat,
1036 2218 1070 2270 fi
1116 2216 1184 2269 ad
1230 2233 1350 2268 eam
1395 2224 1551 2286 rupta
1596 2213 1682 2266 via
1726 2216 2022 2271 veniamuS.

300 2289 557 2362 Namque
596 2294 757 2344 cumh
795 2291 876 2357 fit,
903 2302 965 2343 ut
997 2289 1227 2355 videtur,
1261 2286 1436 2340 severa
1469 2283 1844 2340 Demosthenis
1869 2305 2024 2342 com-

359 2448 378 2469 ¹'
407 2444 633 2485 elocutione
651 2445 825 2486 elucebit
844 2445 895 2486 G.
1114 2449 1128 2469 ⁸
1160 2444 1256 2495 quid
1273 2443 1380 2483 Jens.
1573 2446 1590 2474 t
1619 2441 1832 2482 verborum
1852 2444 1902 2484 G.
1919 2445 2028 2486 Jens.

307 2502 328 2524 ¹¹
361 2513 430 2537 om.
446 2499 499 2540 G.
610 2506 628 2525 ¹
659 2501 834 2540 offendet
850 2500 955 2540 Jens.
1062 2506 1084 2528 2
1112 2499 1320 2538 affefflone
1339 2497 1391 2536 id.
1471 2500 1490 2520 ²
1521 2510 1576 2534 om
1610 2495 1663 2535 id.
1746 2500 1763 2524 ²³
1796 2498 1955 2547 possunt
1975 2501 2027 2541 G.

305 2557 324 2578 ‘²
355 2553 633 2593 declamatoris
652 2555 742 2606 cory‘.
762 2556 895 2594 Burm.
923 2553 1015 2609 quid
1020 2553 1066 2605 fi
1081 2564 1121 2594 et
1138 2553 1305 2595 clamor,
1325 2551 1352 2590 ἱ.
1373 2565 1405 2590 e.
1418 2548 1569 2601 plaustas
1586 2548 1609 2587 9
1716 2549 1735 2574 ⁶
1767 2550 1953 2591 Proxima
1977 2553 2029 2594 G.

307 2610 327 2630 ⁶
357 2607 423 2651 sed
442 2608 610 2658 pxaeced.
630 2609 682 2648 G.
701 2617 738 2647 et
750 2608 853 2659 plur.
871 2617 933 2660 ap.
954 2610 1051 2648 Bur.
1159 2606 1176 2632 f
1204 2607 1268 2645 sed
1284 2616 1439 2644 novum
1457 2618 1527 2644 om.
1544 2604 1598 2643 G.
1699 2609 1718 2634 ⁸
1750 2604 1909 2645 sumant
1929 2618 2028 2648 cum

306 2672 356 2699 ea
380 2661 558 2711 qualibet
586 2661 633 2701 fit
661 2663 773 2701 enim
800 2662 1020 2714 compofita
1038 2660 1119 2713 ipsa
1136 2661 1261 2712 gratia
1286 2660 1467 2710 perdent,
1485 2657 1515 2697 fi
1542 2658 1593 2697 ad
1611 2669 1658 2696 ea
1675 2666 1792 2708 rupta
1810 2661 1870 2699 vis
1897 2662 2030 2702 venie-

308 2726 402 2755 mus
421 2715 475 2756 G.
579 2717 600 2742 ¹¹
631 2727 703 2756 cur
722 2716 823 2756 ficut
839 2717 1123 2757 Demosthenis
1140 2726 1233 2755 vera
1254 2714 1411 2753 videtur
1427 2724 1564 2764 comp.
1584 2712 1636 2751 G.
1655 2713 1767 2752 Jens.

358 2851 433 2903 63.
446 2849 763 2906 praecedentibus
761 2850 983 2910 serviunt]
1001 2853 1126 2894 Hunc

1208 2849 1263 2894 est
1282 2857 1419 2892 autern
1440 2847 1483 2891 in
1506 2848 1718 2948 (principio
1734 2848 1933 2894 orationis
1955 2867 2028 2909 pro

309 2908 431 2950 usum
449 2908 583 2959 verbi,
599 2923 684 2965 quo
695 2909 930 2953 relationem
940 2911 1128 2968 aliquam

1209 2906 1486 2966 Ctesiphonte,
1521 2921 1572 2948 eu
1589 2921 1737 2949 corona
1757 2906 1842 2949 sua.
1862 2910 2030 2955 Laudat

311 2967 362 3009 ad
395 2967 600 3024 integrum
625 2968 946 3011 constituendum
976 2967 1128 3026 {ignifi-

313 3034 398 3076 cat‚
417 3024 672 3068 declaramus
702 3028 754 3069 ad
786 3027 899 3070 Plin.
930 3042 996 3085 ep.
1024 3042 1063 3077 1,
1088 3041 1129 3080 3,

317 3098 360 3126 1.
382 3084 433 3126 it.
459 3097 501 3138 5,
522 3086 566 3134 6,
587 3099 660 3138 23.

375 3144 448 3195 63.
463 3140 657 3193 camilla,
669 3141 885 3200 quamlibet
891 3141 967 3199 fit]
992 3142 1131 3185 Debe-

314 3198 407 3249 bat,
435 3197 463 3242 fi
491 3199 661 3256 obsequi
696 3200 997 3243 Grammaticae
1028 3200 1132 3258 legi-

315 3258 397 3300 bus
415 3257 466 3299 de
483 3257 622 3300 relatis
639 3258 841 3310 voluisset,
856 3258 1035 3317 plurium
1055 3272 1133 3300 nu-

317 3330 431 3359 mero
463 3316 545 3367 uti,
577 3330 667 3358 cum
697 3315 782 3359 illae
811 3315 1030 3384 quamlibet
1048 3316 1134 3372 sint

313 3372 524 3475 time-aqu
561 3374 640 3417 &c.
702 3374 889 3434 Respicit
926 3375 1036 3419 enim
1080 3373 1132 3416 ad

316 3446 341 3476 c
358 3447 408 3475 au
428 3445 453 3474 u
473 3446 535 3474 as.

1208 2966 1349 3008 eodem
1363 2966 1527 3007 nomine
1545 2974 1584 3007 et
1597 2963 1788 3022 expendit
1809 2965 2031 3025 Dionysius

1211 3024 1352 3066 Halic.
1375 3039 1414 3066 c.
1436 3038 1512 3078 25.
1534 3039 1578 3081 p.
1601 3025 1703 3076 236.
1726 3023 1787 3079 sq.
1822 3023 1947 3067 Alter
1966 3027 2029 3071 Ιο-

1210 3096 1285 3125 eus
1306 3081 1590 3124 Demosthenis
1618 3079 1673 3123 est
1701 3095 1751 3123 ex
1771 3081 1958 3141 Philipp.
1984 3101 2026 3138 3.

1212 3155 1256 3198 p.
1277 3142 1353 3192 46,
1373 3138 1428 3181 B.
1456 3137 1500 3178 ‘0
1519 3143 1590 3193 γᾶρ
1603 3135 1649 3183 οἱ·
1668 3142 1736 3190 ἐγὼ
1755 3139 1924 3192 ληφθείην
1941 3147 2031 3182 ταῦ-

1212 3214 1263 3238 τα.
1283 3195 1447 3251 πράτῖων
1470 3197 1533 3235 καὶ
1560 3196 1929 3248 κατασκευαζόμενος,
1947 3197 2031 3245 ἔντος

1214 3251 1293 3302 ἐμοὶ
1311 3253 1480 3300 πολεμεῖ
1500 3249 1565 3302 κᾷν
1581 3251 1696 3301 μήπω
1713 3251 1834 3303 βάλλῃ
1859 3253 1953 3302 μηδὲ
1970 3270 2032 3293 το.

1214 3307 1306 3360 3⁸¹5?-
1351 3305 1566 3347 Ciceronis
1595 3303 1706 3361 prior
1734 3303 1849 3346 locus
1878 3306 1933 3349 est
1958 3323 2032 3365 pro

1215 3362 1354 3407 Coelio
1373 3375 1412 3404 c.
1433 3364 1505 3404 26.
1527 3360 1834 3418 Archipiratam
1854 3362 1897 3405 in
1917 3363 2032 3409 clau-

1213 3420 1299 3463 sula
1334 3420 1450 3478 ponit
1485 3421 1604 3462 Verr.
1637 3433 1678 3473 ς,
1701 3434 1774 3470 27.
1809 3419 1956 3474 Unum,
1992 3433 2037 3468 te

317 3500 320 3506 ·
377 3492 451 3543 ⁶3,
469 3492 633 3548 severa
658 3487 926 3549 Demostheni,-
944 3488 1130 3547 compost]
1208 3485 1404 3535 praetore,
1425 3476 1658 3534 horrugfflnt
1686 3477 1922 3534 Apronium,
1945 3488 2031 3525 ter.

315 3549 500 3603 Severa,
520 3548 564 3592 id
591 3546 661 3600 est,
679 3548 891 3607 castigata,
910 3557 1131 3592 accurata:

1213 3537 1375 3591 restrem
1404 3534 1727 3595 Archipiratam.
1772 3537 1926 3591 Verba,
1954 3554 2037 3583 non
