2320 4030
358 284 463 354 v346
759 287 834 338 M.
869 289 1075 338 FABII
1112 287 1688 338 QUINCTILIANI

361 423 609 477 maximis
634 424 932 495 quibusque
958 423 1138 476 cauffis
1169 423 1799 476 accommodatissimum?
1840 423 1986 476 Nam
2022 435 2075 480 et
2098 428 2169 494 64

363 496 633 547 Homerus
659 495 854 547 brevem
876 494 1094 564 quidem
1123 513 1246 546 eum
1274 493 1437 545 animi
1459 501 1481 525 ¹
1499 493 1856 564 jucunditate,
1882 504 1938 546 et
1964 506 2080 565 pro-

358 566 544 637 priam,
574 561 652 634 (id
677 564 819 617 enim
845 566 914 617 est
941 585 1035 617 non
1058 583 1228 616 errare
1249 564 1435 630 verbis)
1467 575 1522 615 et
1545 575 1811 616 carentem
1834 565 2076 635 superva-

365 635 480 688 cuis
505 636 828 706 eloquentiam
853 634 1102 687 Menelao
1126 634 1295 697 dedit,
1321 653 1440 704 quae
1470 633 1590 686 sunt
1613 634 1833 687 virtutes
1867 634 2080 704 generis

361 704 510 758 illius
545 705 722 777 primi.
796 707 867 757 Et
902 726 959 758 ex
985 725 1064 757 ore
1087 705 1321 757 Nestoris
1346 704 1482 757 dixit
1505 705 1763 757 dulciorem
1791 706 1932 756 melle
1961 717 2077 776 pro-

349 776 519 847 fluere
537 779 809 847 sermonem
829 797 845 828 :
883 794 988 846 qua
1022 785 1163 827 certe
1198 774 1549 827 deleehttione
1585 775 1721 827 nihil
1758 775 1888 847 fingi
1913 774 2081 845 majus

367 848 550 916 potest.
627 847 732 898 Sed
772 846 1073 908 summam²
1115 845 1402 916 aggreffuS‚
1450 857 1511 898 ut
1553 845 1607 896 in
1655 845 1855 916 Ulyfl‘e,
1897 844 2083 898 facun-

366 917 532 982 diam,
559 915 979 987 magnitudinem
1009 914 1087 966 illi
1114 915 1296 986 junxit
1316 926 1335 949 ³
1360 935 1373 967 z
1414 915 1502 968 eui
1523 916 1545 947 b
1583 916 1846 968 orationem
1880 915 2081 968 nivibus

363 987 603 1050 hibernis,
653 997 699 1038 et
745 987 880 1057 copia
921 985 1197 1050 verborum,
1239 996 1387 1056 atque
1433 986 1612 1057 impetu
1651 998 1825 1056 parem
1873 985 2078 1040 tribuit.

362 1058 512 1110 -Cum
557 1057 662 1109 hoc
703 1056 869 1126 igitur
909 1074 1067 1109 nemo
1109 1056 1411 1108 mortalium
1455 1056 1780 1108 contendet:
1835 1056 1980 1109 hunc
2020 1068 2081 1108 ut
2102 1063 2169 1130 65

370 1127 530 1179 deum
559 1126 804 1179 homines
828 1125 1195 1179 intuebuntur.
1268 1127 1423 1178 Hanc
1451 1126 1557 1178 vim
1595 1138 1651 1178 et
1675 1126 1998 1190 celeritatem
2025 1127 2082 1179 in

369 1197 569 1250 Pericle
615 1197 832 1251 miratur
881 1197 1122 1268 EupoliS,
1166 1196 1304 1248 hanc
1347 1195 1662 1266 fulminibus
1711 1197 2081 1269 Aristophanes

367 1278 640 1340 ‘comparat
663 1288 674 1320 :
714 1267 832 1319 haec
856 1270 926 1319 est
953 1276 1103 1320 verac
1131 1267 1342 1320 dicendi
1364 1266 1603 1320 facultas.
1661 1267 1767 1320 Sed
1791 1286 1966 1339 neque
1998 1268 2081 1320 his
2104 1274 2173 1324 66

367 1339 544 1393 tribus
565 1339 705 1410 quasi
739 1337 923 1391 formis
963 1337 1159 1391 inclusa
1182 1337 1489 1418 eloquentia
1510 1338 1599 1391 est.
1670 1339 1814 1390 Nam
1850 1350 1913 1392 ut
1947 1339 2084 1392 inter

362 1409 572 1480 gracile
608 1408 949 1480 validumque
983 1408 1197 1461 tertium
1238 1407 1436 1478 ahquid
1479 1408 1818 1461 constitutum
1854 1410 1956 1462 est:
2010 1410 2086 1462 ita

372 1481 567 1533 horum
618 1478 890 1532 intervalla
935 1480 1088 1532 sunt:
1150 1491 1310 1550 atque
1356 1478 1493 1531 inter
1540 1478 1655 1531 haec
1701 1479 1807 1550 ipsa
1853 1481 2084 1533 mixtum

367 1550 624 1622 quiddam
652 1569 716 1603 ex
740 1550 950 1603 duobus
977 1550 1219 1603 medium
1246 1550 1317 1602 est
1341 1567 1522 1603 eorum
1547 1551 1588 1601 d.
1662 1550 1802 1602 Nam
1830 1563 1886 1603 et
1907 1551 2086 1604 subtili

366 1621 582 1693 plenius
603 1620 810 1692 aliquid
837 1631 997 1691 atque
1020 1620 1281 1684 subtiliuS,
1309 1630 1363 1672 et
1397 1620 1698 1672 vehementi
1724 1621 1976 1674 remiffius
1999 1635 2083 1674 at-

365 1711 478 1762 -que
503 1688 870 1746 vehementius
902 1690 1200 1756 invenitur3
1240 1702 1301 1743 ut
1334 1690 1465 1743 illud
1497 1691 1617 1744 lene
1647 1701 1741 1744 aut
1763 1692 1997 1744 ascendit
2019 1691 2085 1744 ad

374 1762 611 1828 fortiora,
650 1772 742 1814 aut
784 1759 886 1813 ade
925 1761 1164 1814 tenuiora
1199 1761 1557 1815 submittitur:
1597 1780 1657 1813 ac
1697 1761 1762 1814 fic
1797 1780 1957 1832 prope
1997 1763 2081 1815 in·
2106 1769 2172 1835 67

362 1832 730 1885 numerabiles
765 1832 960 1903 species
997 1833 1344 1904 reperiuntur,
1370 1851 1488 1903 quae
1526 1833 1714 1902 utique
1748 1831 1928 1904 aliquo
1963 1852 2082 1886 rno—

372 1914 562 1958 'mento
588 1904 724 1956 inter
747 1901 798 1956 se
830 1901 1092 1965 differant,
1121 1919 1308 1956 Slcu‘r
1343 1914 1570 1973 quatuor
1605 1914 1790 1955 ventos
1826 1904 2086 1975 generali-

373 1985 456 2026 ter
481 1993 511 2026 a
535 1973 756 2029 totidem
785 1972 972 2025 mundi
1008 1973 1308 2026 cardinibus
1344 1973 1644 2043 accepimus
1680 1974 1822 2039 flare,
1847 1992 1969 2027 cum
2003 1975 2086 2027 in-

373 2044 528 2096 terim
556 2043 772 2115 plurimi
807 2043 1006 2096 mediif
1041 2061 1248 2107 eorum,
1274 2044 1518 2096 varietate
1540 2057 1562 2088 g
1596 2044 1874 2114 regionum
1900 2063 1962 2099 ac
1986 2047 2087 2099 flu-

373 2115 625 2168 minumh
667 2114 892 2186 propriii
938 2113 1395 2187 deprehendantur
1415 2115 1460 2169 ¹‘.
1534 2114 1842 2186 Eademque
1881 2116 2088 2171 muficis
2108 2119 2174 2171 68

429 2263 452 2286 x
480 2256 549 2296 om‘.
567 2258 619 2296 G.
638 2257 744 2303 Jens.
902 2265 926 2286 ²
952 2258 1109 2297 summa
1128 2258 1310 2306 regressus
1329 2260 1382 2296 est
1405 2258 1454 2296 G.
1475 2257 1501 2295 fi
1522 2258 1563 2296 in
1583 2270 1691 2296 mare
1713 2258 1857 2308 gressus
1875 2258 1966 2297 effet
1982 2260 2089 2298 Jens.

375 2316 394 2336 ¹
424 2311 604 2350 vicissent
621 2312 672 2351 G.
727 2320 730 2323 ⁴
806 2308 824 2335 ¹³
857 2323 954 2351 cum
972 2312 1139 2351 orationi
1160 2312 1210 2348 G.
1346 2318 1361 2335 ²
1393 2323 1480 2350 vere
1500 2313 1552 2350 G.
1571 2312 1676 2349 Jens.
1811 2315 1828 2336 ‘¹
1860 2325 2028 2363 quorum
2050 2322 2091 2352 et

364 2365 480 2404 ¹subt.
501 2366 553 2404 G.
688 2370 705 2390 ⁸
736 2379 804 2404 orn.
824 2365 877 2404 G.
1020 2363 1035 2392 f
1063 2373 1102 2403 et
1121 2365 1186 2416 ins:
1207 2365 1257 2402 G.
1276 2366 1382 2403 Jens.
1510 2372 1527 2394 8
1557 2366 1666 2402 varia
1683 2366 1805 2404 etiam
1824 2366 1877 2405 G.
1905 2366 1994 2404 Vid.
2017 2366 2088 2417 leg.

376 2419 482 2456 varie
501 2419 637 2457 etiam.
762 2421 780 2442 ¹¹
810 2416 1025 2458 flaminum
1050 2419 1139 2457 Obr.
1161 2418 1242 2455 vid.
1263 2427 1336 2457 not.
1462 2416 1471 2442 ἰ
1504 2419 1656 2469 proprie
1673 2419 1780 2458 Jens.
1902 2419 1928 2456 k
1942 2420 2090 2472 *depre-

377 2473 604 2513 hendentur
622 2473 674 2512 G.
701 2472 1048 2523 deprehenduntur
1065 2472 1169 2511 Jens.

442 2608 514 2658 64.
560 2604 668 2649 Nam
706 2614 746 2648 et
782 2607 999 2659 Homerus]
1047 2607 1115 2646 ἰλ.
1146 2604 1194 2655 γ’.
1276 2605 1373 2645 αὐδή.

382 2679 485 2717 213,
1336 2660 1409 2712 65.
1440 2657 1483 2701 in
1513 2659 1685 2713 Pericle]
1722 2661 1822 2703 Vid.
1856 2676 1899 2711 2,
1923 2664 1992 2713 16,
2017 2678 2086 2718 ¹9·

369 2742 371 2744 ·
424 2720 474 2760 'fl
501 2719 556 2759 401
580 2720 649 2769 μὲν
673 2720 842 2766 Μενέλαος·
867 2722 1097 2776 ἐπιτροχάδην
1113 2722 1199 2772 3276-
1276 2725 1317 2757 et
1341 2731 1408 2766 12,
1432 2733 1474 2766 2,
1498 2731 1568 2758 22.

487 2789 558 2826 ρευε
1337 2777 1406 2826 67.
1427 2774 1643 2831 fluminum
1655 2774 1834 2832 proprii]
1867 2777 1931 2818 Ne
1943 2776 2089 2831 flami-

436 2831 558 2880 Παῦρα
576 2827 659 2890 μὲν,
677 2830 776 2867 ἀλλὰ
793 2830 902 2877 μάλα,
921 2828 1060 2878 λιγέως,
1079 2830 1155 2869 ἐπεὶ
1173 2830 1196 2868 ἐ
1277 2845 1371 2872 num
1410 2831 1533 2874 alicui
1581 2831 1754 2888 placeat,
1794 2834 1983 2890 congessit
2022 2835 2089 2878 hic

474 2883 729 2948 ,Μλυμυθθῆ
795 2936 804 2949 Ι
1277 2889 1543 2932 Burmannus
1581 2889 1762 2933 festivam
1796 2890 1980 2934 locorum
2019 2908 2089 2935 co·

438 2934 524 2973 ὥθ’
543 2938 893 2987 ἀφαμαρτοεπηςμ·
1278 2947 1407 3004 piam,
1437 2947 1510 2988 ubi
1540 2946 1776 3004 spirantium
1805 2963 1834 2989 a
1853 2948 2092 3003 fluminibus

384 3003 451 3045 De
483 2999 619 3058 Ulysse
649 3003 773 3042 verba
805 3002 889 3055 jam
922 3001 1111 3045 dedimus
1145 3002 1197 3045 ad
1278 3014 1488 3045 ventorum
1523 3006 1674 3046 mentio
1706 3005 1769 3047 fit.
1819 3007 1953 3048 Nobis
1985 3008 2091 3052 duos

388 3075 407 3102 1
420 3076 461 3110 ι,
485 3074 524 3111 3,
548 3074 566 3100 1
579 3061 646 3111 58.
689 3059 895 3100 Caeterum
915 3074 996 3101 non
1017 3061 1198 3102 intermi-
1281 3060 1450 3104 laudasse
1465 3061 1560 3104 satis
1577 3061 1715 3112 fuerit,
1729 3065 1916 3107 Senecam
1932 3066 2087 3130 Qaest.

385 3117 433 3159 sit
463 3117 660 3159 Clarkius
690 3126 778 3158 tum
809 3118 930 3159 Fabii
950 3117 1086 3167 nostri,
1107 3128 1198 3159 tum
1282 3119 1381 3161 Nat.
1410 3135 1450 3173 5,
1474 3133 1514 3171 7,
1546 3119 1809 3163 antelucanos
1822 3121 1952 3175 flatus
1970 3123 2090 3181 znspi-

387 3175 614 3223 Ciceronis,
655 3173 1004 3218 Halicarnafl'enfis
1039 3175 1199 3232 Diony·
1280 3174 1448 3226 ciamus,
1465 3176 1535 3233 qui
1561 3186 1637 3218 aut
1667 3193 1716 3220 ex
1745 3178 2000 3230 fluminibus,
2019 3187 2093 3223 aut

372 3233 449 3282 fii,
471 3242 509 3274 et
542 3230 671 3274 Gellii
702 3233 826 3273 verba
859 3232 1098 3283 adscribere,
1127 3234 1202 3289 qui
1283 3247 1338 3274 ex
1367 3233 1632 3284 convallibus,
1659 3243 1731 3278 aut
1763 3251 1817 3279 ex
1850 3235 1982 3294 aliquo
1995 3237 2090 3292 finu

385 3304 527 3332 omnes
546 3289 626 3330 tria
656 3287 725 3330 illa
755 3303 902 3346 genera
933 3290 973 3331 in
996 3290 1201 3340 Menelao,
1270 3289 1484 3346 feruntur.
1537 3292 1646 3335 Plin.
1684 3309 1726 3343 2,
1759 3308 1835 3347 43,
1870 3295 1901 3335 s.
1933 3309 2006 3346 44,
2038 3297 2090 3339 de

391 3347 543 3404 Ulyffe,
564 3346 743 3395 Nestore,
763 3361 843 3388 non
863 3347 1120 3399 adumbrata,
1137 3348 1200 3390 sed
1282 3352 1429 3398 ventis,
1450 3348 1636 3406 Namque
1652 3357 1692 3391 et
1713 3366 1734 3392 e
1762 3350 2020 3402 fluminibus,
2039 3368 2091 3396 ac

388 3404 562 3461 expressa
613 3403 666 3445 ab
721 3405 902 3446 Homero
959 3405 1199 3461 agnoscunt.
1266 3405 1451 3457 finubus,
1483 3412 1524 3448 et
1556 3421 1579 3448 e
1611 3408 1722 3450 mari
1755 3409 2090 3453 videmus-con-

392 3464 598 3505 Caeterum
635 3462 686 3503 de
723 3461 888 3504 Nestore
924 3464 989 3501 'nx-
1020 3463 1068 3502 α’.
1100 3478 1200 3518 249,
1269 3462 1461 3518 surgere.
1511 3464 1635 3506 Adeo
1670 3463 1859 3522 frequens
1897 3467 1968 3509 ista
2005 3468 2090 3511 sen-

389 3523 444 3562 τῡ
471 3522 497 3575 ‚53
521 3521 592 3560 ἀπὸ
611 3520 778 3570 γλώσσης
800 3523 954 3571 μέλιτος
970 3516 1119 3571 γλυκίων
1134 3522 1202 3573 ῥέεν
1281 3522 1425 3571 tentia,
1455 3530 1504 3564 ut
1541 3521 1667 3582 vulgo
1703 3523 1835 3582 ipsum
1868 3537 2014 3575 aerem,
2046 3527 2091 3574 in
