2320 4030
427 315 527 372 348

841 315 915 363 Μ.
950 316 1148 365 FABII
1186 316 1757 387 QUINCTILIANI
1819 323 1826 325 ⁴

421 446 564 500 enim
596 447 968 520 jucundiorisb
1004 461 1066 504 ac
1101 451 1399 505 favorabilis
1441 453 1838 524 qualiscumque
1873 454 2149 526 eloquem·

418 519 509 570 tiae
526 528 562 582 Ε,
589 530 644 571 et
667 520 816 572 ducit
840 521 1045 574 animos
1069 523 1294 576 naturali
1322 524 1587 594 voluptate
1611 543 1713 576 vox
1737 525 1938 590 omniS,·
1958 545 2133 598 noque

416 589 629 642 aliunde
664 590 743 642 illi
781 609 874 662 per
904 590 1018 644 fora
1053 604 1214 664 atque
1251 613 1503 675 aggerem
1541 594 1758 647 circuli:

1845 614 1918 649 uo
1952 596 2133 651 minus‘

419 659 612 712 mi‘cum
642 662 730 726 est,
758 662 904 731 quod
926 663 1060 715 nulli
1097 683 1200 716 non
1238 670 1510 736 agennum
1549 676 1728 737 parata
1750 685 1821 718 vu
1843 666 1901 737 gi
1935 683 2131 720 corona

418 730 510 783 est.
583 731 695 783 Ubi
741 750 864 784 vero
910 733 1041 803 quid
1084 734 1385 805 exquisitius
1427 735 1631 789 di&um
1675 737 1872 789 accidit
1912 737 2128 790 auribus
2152 751 2219 808 75

417 799 806 869 imperitorum,
849 803 1237 886 qualecumque
1275 806 1350 871 id,
1387 805 1534 878 quod
1572 806 1735 866 modo
1771 807 1823 859 se
1857 807 1947 878 ipfi
1988 808 2128 878 poffe

417 869 709 941 desperent,
739 872 900 924 habet
926 874 1349 940 admiratmnem,
1373 895 1547 947 neque
1570 877 1871 930 immerito:
1911 895 2035 944 nam
2059 897 2128 932 ne

415 939 552 993 illud
577 942 791 1011 quidem
817 942 970 995 facile
994 945 1084 997 est.
1157 946 1262 998 Sed
1292 949 1608 1000 'evanescunt
1639 946 1757 1000 haeo
1792 958 1952 1018 atque
1975 966 2126 1001 emo·

415 1011 625 1064 riuntur
642 1018 660 1047 ‘¹
686 1015 1076 1084 comparatione
1101 1016 1379 1070 meliorum
1401 1038 1414 1069 ε
1453 1028 1510 1070 ut
1534 1017 1657 1076 lana
1682 1018 1837 1072 tinch
1848 1019 1981 1091 fuco
1999 1019 2131 1072 citra

470 1194 487 1219 b
523 1195 565 1234 V
561 1173 611 1235 idss
626 1194 699 1248 leg.
721 1195 900 1245 jucunda
920 1197 1284 1250 auri—eloquentia
1303 1199 1372 1237 vel
1384 1209 1478 1238 certe
1499 1200 1668 1249 jucundi
1688 1202 1785 1241 oris:
1802 1201 1878 1256 sed
1882 1202 1990 1254 prius
2008 1203 2125 1255 magis

409 1246 547 1301 placet.
708 1257 723 1275 ‘³
755 1251 982 1303 eioquentia
1005 1252 1058 1290 G.

475 1427 548 1466 74.
577 1420 699 1470 atque
724 1413 933 1470 aggerem]
965 1413 1060 1455 Non
1081 1411 1230 1457 intelli·

413 1485 471 1528 go
498 1472 586 1514 vias
616 1470 822 1528 publicas,
842 1485 944 1528 quas
970 1485 1137 1527 aggeres
1155 1487 1229 1529 po-

412 1530 501 1572 tius
529 1527 716 1581 dixiffet3
756 1543 885 1584 neque
916 1529 1122 1584 speciatim
1152 1544 1225 1586 ag-

405 1599 549 1642 gerem
569 1586 800 1643 Tarquinii,
820 1586 1085 1643 magnificum
1105 1602 1227 1644 opus,

413 1645 466 1687 de
497 1659 584 1701 quo
615 1646 712 1686 Liv.
750 1660 789 1694 1,
809 1658 884 1696 44.
921 1643 1032 1686 Plin.
1070 1659 1108 1697 3,
1132 1659 1172 1698 5,
1194 1645 1226 1687 s.

413 1721 459 1760 9.
497 1703 547 1744 it.
583 1705 652 1754 36,
676 1717 746 1756 15,
778 1701 808 1743 s.
839 1717 910 1754 24,
934 1716 976 1751 2,
1006 1702 1133 1744 donec
1163 1702 1226 1744 os-

373 1777 375 1779 *
409 1760 617 1810 tendatur,
638 1759 698 1802 ibi
729 1774 895 1817 quoque
924 1758 1098 1801 circulos
1118 1760 1225 1802 otio-

408 1818 543 1860 sorum
584 1817 814 1867 hominum,
845 1830 962 1858 aures
1000 1816 1225 1860 locantium

407 1877 552 1932 nugiS,
578 1873 722 1917 fuiss'e2
755 1873 818 1916 sed
847 1888 939 1929 eum
971 1889 1093 1930 quem
1121 1874 1226 1918 circo

402 1934 561 1990 jungit,
582 1942 620 1974 et
642 1935 683 1975 in
713 1933 839 1982 circe,
861 1942 908 1975 ut
935 1933 1037 1974 mihi
1055 1933 1226 1988 quidem

405 1992 640 2041 videbatur,
689 1989 862 2033 collocat
909 1989 1120 2045 juvenalis
1179 1993 1222 2041 6,

410 2052 513 2104 588.
574 2049 661 2091 Nec
699 2048 898 2107 putabam
937 2047 1052 2089 aliter
1094 2048 1224 2091 videri

462 2106 529 2158 ffe,
549 2105 577 2149 fi
610 2107 705 2164 quis
731 2115 868 2148 totum
903 2106 1038 2148 locum
1069 2115 1225 2148 attente

424 2175 517 2207 evat
537 2181 548 2205 ε

445 2201 668 2265 ”Plebeium
686 2220 729 2263 in
747 2221 850 2264 circo
872 2219 1036 2277 positum
1052 2220 1106 2279 est
1122 2221 1223 2265 etin

524 2279 840 2336 aggerefatum.

467 2340 575 2394 Qae
593 2336 710 2379 nudis
726 2337 884 2392 longum
901 2335 1062 2394 ostendit
1079 2336 1219 2379 cervi-

522 2394 630 2437 cibus
650 2409 816 2445 aurum,

466 2452 640 2511 Consulit
679 2461 776 2494 ante
815 2451 967 2508 phalas
1003 2449 1219 2508 Delphino-

521 2524 688 2568 rumque
703 2509 904 2563 columnas
924 2509 1006 2552 ὅτε.

404 2567 584 2610 Minime
621 2568 802 2625 profe&
838 2567 1064 2611 audiendus
1101 2568 1216 2624 Ryc·

405 2627 533 2684 quius
561 2626 612 2668 de
642 2625 866 2682 Capitolio,
888 2626 963 2682 qui
992 2626 1043 2668 de
1070 2627 1217 2682 praeci-

401 2684 550 2742 pitatis
588 2683 776 2741 supplicii
815 2684 933 2726 causa
970 2698 1020 2726 ex
1067 2697 1216 2739 aggere

404 2742 635 2799 Tarquinii
664 2751 823 2798 poetam
851 2739 1058 2797 intelligit.
1114 2742 1216 2783 Sane

405 2800 474 2842 hic
512 2812 645 2855 agger
680 2813 761 2840 non
796 2799 933 2840 minus
972 2799 1072 2841 circi
1150 2812 1216 2841 ars

364 2909 373 2916 ί
403 2871 530 2915 quam
552 2856 688 2912 phalae
707 2871 752 2899 ac
781 2855 969 2912 delphini.
1023 2814 1217 2913 Ilntefiigo

402 2917 535 2973 igitur
564 2929 670 2964 eam,
690 2929 783 2970 quae
802 2913 928 2970 spina
961 2913 1062 2955 alias
1094 2927 1216 2956 voca-

403 2983 488 3024 tur,
509 2971 716 3016 theatrum
735 2982 773 3013 et
793 2986 984 3028 campum
1013 2972 1114 3013 varii
1143 2986 1215 3028 ge-

400 3031 510 3074 ner'is
529 3038 783 3087 agyrtarum,
800 3043 932 3087 nugas
951 3043 1120 3071 canoras
1141 3043 1213 3085 po-

399 3087 508 3147 pello
534 3086 849 3137 venditantium,
870 3102 991 3144 quem
1022 3086 1215 3143 graphice

400 3147 525 3189 etiam
552 3144 758 3194 describit,
777 3145 879 3202 quin
909 3144 1052 3186 tabula
1073 3146 1213 3202 depic-

402 3214 492 3247 tum
514 3203 701 3260 proponit
731 3203 891 3245 Anton.
913 3217 992 3246 van
1011 3202 1144 3245 Dalen
1161 3203 1213 3246 de

401 3260 593 3304 Oraculis
614 3276 660 3316 p..
685 3263 781 3313 308.

460 3335 532 3373 75.
565 3326 610 3360 ut
636 3317 734 3359 lana
750 3317 901 3372 tinaa]
933 3318 1074 3362 Placet
1097 3318 1214 3376 inge-

397 3379 514 3420 nium
550 3375 778 3427 Colomefii,
810 3377 884 3432 qui
915 3375 1129 3419 versiculos
1161 3392 1210 3419 ex

397 3434 602 3490 tragoedia
619 3431 724 3475 forte
742 3434 895 3475 sumtos
915 3435 974 3476 ita
991 3433 1190 3476 restituitt

461 3494 513 3536 Ut
550 3490 648 3533 lana
683 3490 810 3536 tinHa
841 3497 1069 3548 purpuram
1083 3490 1209 3543 „citra

508 3548 670 3604 placet5

1217 1256 1235 1277 ‘²
1268 1255 1493 1293 moriuntur
1510 1255 1562 1294 G.
1579 1255 1687 1294 Jens.
1754 1268 1757 1274 ·

1369 1415 1424 1456 At
1431 1413 1473 1471 fi
1485 1414 1696 1458 contuleris
1710 1430 1803 1458 eam
1821 1415 2012 1468 lacer-nce,

1369 1474 1578 1530 Conspeelu
1601 1473 1773 1515 melioris
1790 1474 2003 1517 obruatur.

1311 1530 1386 1573 Sed
1401 1532 1502 1585 fuco
1522 1531 1656 1572 omitti
1677 1545 1758 1573 non
1783 1531 1977 1583 debebat,
1997 1548 2019 1575 e
2037 1547 2121 1591 qua

1307 1588 1434 1630 herba
1452 1589 1574 1630 vestes
1604 1589 1729 1646 tingi,
1750 1589 1913 1633 Servius
1930 1591 2048 1633 docet
2066 1592 2121 1634 ad

1308 1646 1470 1703 Georg.
1491 1661 1538 1698 4,
1562 1660 1629 1702 39.
1675 1647 1796 1690 Add.
1817 1647 1928 1691 Plin.
1950 1650 2024 1698 26,
2047 1664 2118 1698 ιο,

1307 1702 1339 1744 s.
1376 1706 1447 1752 66,
1481 1705 1557 1747 ubi
1589 1705 1724 1755 docet,
1753 1703 1796 1747 in
1831 1708 1956 1749 Crefa
1989 1705 2122 1763 vestes

1306 1758 1404 1803 fuco
1437 1760 1554 1818 tingi,
1581 1777 1758 1819 eumque
1790 1762 1994 1821 conchyliis
2015 1763 2119 1820 sub-

1290 1818 1425 1876 sterni
1457 1820 1500 1861 h.
1523 1835 1560 1861 e.
1594 1819 1708 1861 lanas
1740 1835 1788 1863 eo
1819 1822 1934 1877 prius
1968 1819 2118 1872 imbui,

1305 1891 1430 1932 quam
1470 1877 1688 1934 pretiosum
1725 1878 1899 1920 alterum
1943 1878 2120 1930 colorem

1307 1935 1468 1976 bibant.
1518 1933 1645 1977 Conf.
1677 1935 1789 1978 Plin.
1824 1952 1894 1989 32,
1914 1939 1958 1987 6,
1986 1936 2018 1978 s.
2041 1951 2116 1980 22.

1306 1993 1403 2034 Huc
1423 1992 1582 2049 respicit
1601 1991 1914 2051 elegantiffimus
1937 2010 1958 2038 e
1978 1993 2118 2039 Tullii

1304 2049 1519 2093 Hortenfio
1551 2049 1681 2100 locus,
1709 2050 1895 2094 servatus
1921 2066 1945 2094 a
1978 2052 2118 2095 Nonio

1302 2120 1348 2159 4,
1370 2122 1426 2158 40
1434 2123 1473 2162 5.
1509 2109 1563 2150 Ut
1579 2106 1612 2149 ii
1628 2107 1696 2165 qui
1713 2107 1876 2150 combibi
1886 2115 2116 2166 purpuram

1302 2165 1463 2216 volunt,
1469 2165 1672 2231 stcfficiunt
1692 2165 1810 2222 prius
1826 2164 1969 2210 lanam
1988 2167 2114 2209 medi-

1301 2232 1496 2266 camentzs
1547 2222 1754 2281 uibusdam
1769 2242 1782 2266 .·
1803 2222 1867 2280 fic
1890 2223 2022 2267 literis
2047 2233 2112 2266 ta·

1299 2278 1473 2338 libufilue
1529 2280 1691 2323 oHrizzis
1725 2289 1822 2324 ante
1856 2281 1984 2325 excoli
2017 2282 2113 2324 ani·

1300 2351 1398 2389 mos,
1417 2347 1457 2380 et
1475 2340 1534 2380 ad
1546 2338 1792 2396 sapientiam
1818 2337 2110 2397 concipiendam

1299 2393 1424 2438 imbui
1440 2404 1480 2438 et
1505 2395 1746 2452 praeparari
1775 2396 1900 2439 decet.
1950 2398 2110 2440 Deinde

1299 2455 1447 2509 probat
1475 2455 1644 2510 quidem
1665 2469 1715 2496 ex
1742 2454 1819 2497 hoc
1847 2453 1938 2497 loco
1966 2456 2108 2498 Ferra-

1298 2511 1387 2553 rius
1406 2513 1456 2553 de
1477 2512 1540 2553 Re
1559 2512 1669 2554 Vest.
1692 2527 1735 2562 2,
1760 2528 1800 2562 1,
1827 2526 1899 2564 24,
1919 2512 2110 2556 lacernas

1298 2569 1428 2625 vulgo
1446 2568 1559 2612 fuiffe
1585 2584 1662 2628 pur
1692 2584 1827 2613 ureas.
1877 2572 1986 2612 Cum
2016 2585 2110 2613 vero

1300 2625 1454 2670 vilioris
1474 2628 1594 2670 etiam
1616 2642 1665 2669 co
1682 2628 1762 2670 oris
1781 2626 1910 2677 fuiffe,
1929 2627 1940 2669 i
1973 2629 2010 2670 se
2027 2642 2108 2670 non

1297 2691 1418 2742 neget
1437 2702 1448 2737 ς
1479 2699 1559 2727 non
1579 2686 1716 2743 potuit
1740 2699 1827 2727 eam
1849 2643 2026 2728 O'viciius
2041 2685 2107 2728 la·

1297 2754 1359 2782 nae
1373 2742 1475 2798 fuco
1491 2741 1625 2786 tinch
1645 2743 1703 2785 ita
1729 2742 1961 2800 simpliciter
1977 2758 2107 2800 oppo-

1295 2812 1405 2841 nere.
1489 2815 1554 2842 uae
1573 2815 1668 2843 cum
1696 2801 1754 2842 ita
1773 2800 1863 2851 smt,
1881 2815 1962 2842 non
1980 2801 2106 2844 dubi-

1295 2865 1342 2898 to
1359 2858 1489 2915 scripsi
1520 2873 1542 2901 e
1561 2859 1774 2909 Ovidium,
1795 2859 1907 2916 quod
1938 2858 2108 2902 servavit

1297 2915 1427 2958 Vallae
1452 2916 1572 2967 liber,
1591 2916 1790 2966 Lacaena,
1813 2917 1842 2958 i.
1865 2930 1903 2958 e.
1935 2916 2107 2959 Laconi-

1294 2985 1368 3023 cae,
1386 2972 1802 3030 quockuobiliffimum
1824 2989 2014 3032 purpurae
2031 2989 2104 3032 ge-

1294 3043 1371 3072 nus
1405 3030 1535 3081 fuisse,
1568 3045 1685 3074 nemo
1717 3033 1895 3087 ignorat,
1929 3032 2004 3089 qui
2042 3032 2104 3074 ve'l

1294 3087 1514 3132 Horatium
1535 3088 1635 3146 legit
1667 3095 1708 3131 et
1736 3089 1836 3132 illud
1859 3089 1942 3131 Od.
1965 3105 2009 3139 2,
2033 3094 2103 3142 18,

1295 3161 1339 3198 7,
1360 3148 1444 3190 Nec
1464 3147 1684 3191 Laconicas
1711 3146 1809 3189 mihi
1830 3146 2018 3191 ‘Trahunt
2034 3146 2103 3190 ho.

1292 3205 1412 3262 nestae
1421 3213 1629 3261 purpuras
1647 3204 1828 3248 Clientae.
1871 3204 1987 3247 Citra
1996 3211 2102 3261 pur-

1285 3270 1441 3318 puram
1461 3266 1589 3319 igitur
1610 3263 1652 3304 h.
1673 3278 1710 3304 e.
1742 3263 1768 3306 fi
1793 3277 1872 3305 non
1893 3277 2101 3320 compare-

1293 3331 1364 3362 tur
1382 3335 1588 3378 purpurae,
1609 3319 1741 3377 placet
1767 3320 1865 3363 lana
1880 3319 1982 3374 fuco
1998 3319 2099 3362 tinc-

1290 3385 1354 3427 ta,
1394 3379 1456 3420 sed
1498 3378 1523 3420 fi
1563 3379 1745 3420 Lacaenae
1782 3392 1975 3443 pun-purte
2011 3392 2099 3419 eam

1287 3435 1514 3485 contuleris,
1545 3435 1740 3478 obruatur
1771 3437 2099 3494 splendoremque

1288 3491 1406 3536 suum
1424 3494 1567 3551 perdat
1586 3493 1666 3536 διε.
