2320 4030
659 317 943 372 INSTIT.
977 318 1324 372 ORATOR.
1359 322 1497 371 L'IB'.
1532 323 1681 374 X.‘'1.

1925 326 2021 394 179

288 467 457 532 'quam
482 457 554 514 est
575 469 687 514 tam
710 461 896 533 procul
919 479 951 514 a
976 456 1061 514 co⁴
1121 458 1288 518 itione
1312 477 1499 514 eorum
1536 470 1795 529 remotug,
1820 471 1882 516 ut
1910 474 2021 517 non

289 532 528 586 indicem
567 544 711 585 certe
749 551 817 585 ex
847 531 1042 585 bibliot
1084 550 1179 585 eea
1205 531 1438 584 sumtum
1469 533 1749 586 transferre
1771 534 1825 586 in
1850 533 2019 588 libros

290 603 415 656 suos
438 602 611 676 poffit.
684 604 807 670 Nec
842 603 1035 676 ignoro
1077 603 1245 675 igitur
1283 621 1420 675 quos
1448 601 1671 670 transeo,
1697 621 1798 658 nec
1829 606 2020 678 utique

288 673 511 740 damno,
539 686 600 727 ut
623 674 719 746 qui
743 674 967 728 dixerim
994 673 1094 727 effe
1121 675 1174 726 in
1207 674 1458 728 omnibus
1492 675 1744 729 utilitatis
1767 675 1973 748 aliquid
2000 697 2016 731 z

291 745 383 799 sed
417 746 483 799 ad
520 745 646 798 illos
675 745 790 817 jam
828 745 1076 818 perfeffis
1113 744 1516 870 constitutisgue
1551 747 1753 800 viribus
1783 759 2016 801 reverte-

196 817 270 887 58
290 832 435 871 mur.

511 817 677 872 Quod
717 817 876 870 etiam
899 827 920 849 ²
965 833 1036 869 IN
1075 818 1244 870 coenis
1278 835 1408 889 gran

1450 818 1569 871 ibus
1603 818 1739 891 saepe
1769 817 2018 887 facimuS,

206 900 210 926 ῑ
289 898 374 952 ut,
399 906 525 942 cum
564 889 784 961 optimis
814 888 981 942 satiati
1019 889 1178 942 fimus
1201 889 1244 954 b,
1282 888 1503 942 varietas
1541 900 1718 942 tamen
1759 889 1917 944 nobis
1938 909 2019 960 'ex

285 959 570 1014 -vilioribus
602 970 755 1032 grata
793 959 870 1012 fit.
942 960 1102 1012 Tunc
1140 971 1195 1012 et
1227 959 1453 1031 elegiam
1489 961 1700 1014 vacabit
1734 960 1789 1014 in
1825 979 2018 1016 manus

286 1029 514 1095 sumere,
554 1033 708 1106 cujus
749 1032 992 1102 princeps
1034 1031 1264 1085 habetur
1311 1031 1666 1087 Callimachus.
1740 1033 2018 1087 Secundas

192 1118 267 1176 59
288 1103 607 1156 confeffione
663 1103 998 1155 ‘lurimorum
1039 1102 1302 1156 Philetasc
1351 1104 1650 1174 occupavit.
1726 1105 1833 1158 Sed
1882 1105 2016 1159 dum

208 1178 209 1182 ’
287 1174 607 1246 affequimur
630 1174 646 1227 i
671 1175 776 1227 lam
803 1174 1006 1227 firmam
1046 1179 1131 1244 (ut
1157 1173 1289 1241 dixi)
1330 1173 1664 1241 facilitatem,
1691 1176 1909 1247 optimis
1926 1176 2015 1230 'as-

284 1244 632 1302 suescendum
661 1247 732 1299 est
755 1266 767 1298 ε
809 1258 863 1298 et
890 1245 1061 1299 multa
1085 1245 1276 1318 magiS,
1300 1264 1463 1318 quam
1490 1246 1785 1300 multorum
1802 1247 2015 1302 ’1εᾶἰο-

284 1334 358 1369 ne
395 1315 711 1370 formandad
755 1336 931 1381 menS,
958 1329 1014 1369 et
1053 1317 1332 1370 ducendus
1361 1318 1434 1370 est
1478 1317 1643 1371 color.

1719 1320 1913 1391 Itaque
1948 1337 2017 1374 ex

283 1387 459 1442 tribus
483 1390 709 1460 receptis
744 1388 1027 1441 Aristarchi
1058 1387 1272 1460 judicio
1312 1388 1649 1459 scriptoribus
1690 1389 2015 1458 iamborum,

193 1459 267 1515 60
287 1458 393 1512 ade
420 1459 510 1524 ἕξιν
546 1460 779 1513 maxime
804 1459 1089 1532 pertinebit
1117 1478 1256 1514 unus
1281 1460 1626 1514 Archilochus.
1701 1463 1924 1516 Summa
1957 1463 2016 1516 in

284 1529 402 1584 hoo·
419 1532 497 1585 vis
527 1531 868 1598 elocutioniS,
896 1550 1021 1584 cum
1048 1531 1254 1598 validae,
1277 1542 1397 1585 tum
1422 1532 1627 1586 breves·
1646 1532 2016 1607 vibrantesque

277 1601 578 1670 sententiae,
603 1604 897 1675 plurimum
934 1603 1206 1728 sanffuinis
1241 1615 1402 1676 atque
1439 1621 1742 1671 nervorum,
1783 1604 1917 1659 adeo
1953 1615 2015 1661 ut

282 1674 527 1728 videatur
547 1675 882 1757 quibusdam,
909 1693 1018 1747 quo

1080 1694 1351 1747 quoquam
1373 1675 1392 1708 f
1420 1675 1597 1730 minor
1613 1685 1638 1719 Β
1659 1677 1748 1742 est,
1775 1677 2016 1747 materiae

189 1747 258 1800 61
279 1745 404 1812 effe,
429 1765 538 1799 non
566 1747 768 1819 ingenii
794 1746 1005 1799 vitium.
1080 1747 1297 1801 Novem
1327 1765 1452 1801 vero
1490 1747 1808 1820 Lyricorum
1845 1747 2014 1822 longe

282 1817 542 1871 Pindarus
565 1819 829 1890 princepe,
857 1817 1069 1890 spiritus
1105 1818 1524 1890 magnificentia,
1550 1819 1843 1886 sententii8‚
1870 1821 2014 1893 figu-

279 1888 373 1954 ris',
401 1890 692 1943 beatiflima
715 1908 891 1943 rerum
917 1891 1304 1962 verborumque
1328 1891 1498 1962 copia,
1524 1901 1580 1944 et
1602 1889 1751 1944 velut
1776 1893 2013 1964 quodam

187 2035 228 2088 6
270 1959 603 2089 Quentiae
623 1961 882 2014 flumine:
921 1972 1137 2033 propter
1158 1980 1280 2033 quae
1305 1962 1327 1994 ¹¹
1364 1961 1624 2016 Horatius
1654 1981 1779 2017 eum
1818 1963 2013 2017 merito

231 2047 281 2091 2'

409 2033 509 2086 idit
532 2033 735 2086 nemini
760 2032 1102 2088 imitabilem.·
1176 2033 1492 2105 Stqlichorum
1510 2037 1542 2103 ἰ,
1568 2052 1731 2106 quam
1761 2034 1821 2088 fit
1854 2035 2011 2108 inge·

337 2224 356 2244 ι
386 2233 455 2258 om.
475 2219 527 2259 o.
635 2217 654 2245 ¹³
686 2220 823 2260 sumus
842 2219 894 2265 G.
1005 2217 1121 2265 {Sic
1140 2219 1192 2260 G.
1211 2217 1713 2259 Ph110tasJens.Philaetas
1733 2218 1786 2260 at.
1888 2218 1906 2244 «¹
1938 2202 2011 2258 fer.

280 2271 449 2314 tinanda
468 2274 519 2312 G.
627 2279 645 2298 θ
676 2276 727 2314 ad
745 2276 836 2314 haec
856 2275 906 2312 G.
929 2272 980 2312 ad
998 2274 1154 2313 exitum
1173 2275 1280 2312 Jens.
1303 2284 1307 2287 ·
1392 2271 1406 2299 f
1433 2274 1599 2323 quidem
1618 2274 1723 2314 Jens.
1817 2277 1836 2304 ⁸
1867 2288 1936 2313 om.
1956 2274 2008 2315 G.
2076 2270 2082 2275 ’

275 2327 304 2357 ³
334 2329 444 2380 quod
462 2329 515 2367 G.
533 2328 639 2374 Jens,

270 2503 279 2510 ‘
342 2502 413 2546 37-
434 2485 605 2538 'indicem
624 2504 680 2533 ex
696 2486 955 2543 bibliotheca]
984 2489 1100 2532 Pun-
1142 2482 1146 2485 “

278 2548 362 2607 git,
380 2551 517 2600 credo,
538 2565 624 2600 eos,
644 2551 717 2606 qni
745 2559 895 2592 temere
914 2548 1099 2598 laudant,

278 2610 368 2651 vitu
423 2618 532 2659 rant,
565 2608 715 2663 judicii
764 2607 826 2650 sui
865 2607 979 2648 lance
1018 2606 1100 2648 sus-

279 2624 462 2724 pencliint
495 2666 698 2716 audiere&
740 2680 847 2723 quos
884 2679 1099 2722 nunquam

276 2724 387 2768 reae
418 2724 692 2782 inspexerunt,
719 2739 769 2767 ex
798 2723 1004 2766 indicibus
1025 2725 1096 2765 ηἰ-

278 2783 447 2828 mirum.
498 2784 614 2843 Qid
634 2783 663 2826 fi
685 2782 1097 2831 hodie-viveres‚·Fa-

277 2841 360 2884 bi?
390 2843 501 2886 Novi
530 2857 608 2899 ego
629 2843 851 2891 hominem,
871 2842 947 2898 qui
967 2840 1097 2883 edidi·

277 2908 389 2943 cerat
418 2900 578 2959 aliquot
607 2901 779 2943 Homeri
806 2898 960 2949 versus,
991 2912 1097 2957 ques

274 2957 323 3000 in
370 2957 612 3003 stationibus
659 2955 1008 3015 Bibliopoliorum
1056 2965 1099 2998 et

278 3016 635 3060 Bibliothecarum
673 3019 877 3065 recitaret,
918 3025 960 3057 et
999 3027 1096 3058 cum

274 3074 574 3134 interpretibus
602 3072 811 3117 hodiemis
841 3075 900 3117 ita
929 3088 1097 3173 compa-

276 3142 401 3184 taret,
429 3145 480 3176 ut
506 3143 672 3192 putares
703 3134 746 3175 in
778 3131 1003 3190 superciliis
1051 3146 1097 3173 o-

265 3193 406 3235 ·minis
434 3201 632 3249 tanquam
663 3191 703 3234 in
723 3191 889 3234 duabus
910 3189 1097 3232 lancibus

277 3263 326 3292 ea
355 3250 558 3308 suspendi,
579 3252 638 3293 ita
665 3248 832 3292 alternis
860 3262 906 3290 ea
934 3247 1097 3291 attolle-

276 3308 352 3350 bat
377 3308 734 3366 deprimebatque.
779 3307 846 3349 At
875 3306 994 3349 illum
1019 3321 1098 3363 ego

274 3365 487 3409 hominem
527 3365 667 3424 paullo
702 3364 789 3424 post
821 3365 1003 3423 comperi
1035 3365 1097 3406 in-

251 3424 552 3481 ·,‹ioffiffimum
587 3424 822 3473 mortalem,
851 3424 929 3479 qui
958 3436 1010 3464 ne
1039 3422 1098 3464 le-

277 3496 374 3539 gere
391 3482 559 3539 quidem
590 3482 694 3525 reste
715 3482 870 3524 Graeca
889 3480 1027 3538 posset,
1050 3488 1098 3522 ut

277 3550 419 3598 putem
451 3548 658 3598 praeeunte
684 3540 828 3596 aliquo
858 3538 975 3581 illum
1009 3553 1096 3582 ver-

278 3598 343 3642 sus
365 3600 538 3652 Homeri
558 3597 782 3641 edidicisse.

750 2337 758 2355 ¹
789 2327 1132 2379 Therpfichorum
1147 2327 1254 2368 Jens.
1282 2326 1529 2367 Stesichorus
1548 2328 1601 2366 G.
1619 2336 1656 2366 et
1673 2327 1728 2367 al.

1247 2482 1318 2542 58.
1342 2484 1544 2544 Philetas]
1568 2489 1634 2532 Sic
1655 2488 1910 2534 scribendum
1931 2505 2007 2534 no-

1182 2561 1276 2589 men
1305 2548 1430 2603 hujus
1461 2561 1609 2606 poetae,
1630 2559 1722 2591 tum
1753 2550 1901 2592 Suidas
1930 2551 2008 2592 do-

1181 2616 1263 2655 cet,
1297 2607 1409 2664 apud
1449 2621 1573 2664 quem
1615 2611 1772 2652 Φιλητᾶς
1808 2609 1877 2658 est,
1915 2617 2005 2651 tum

1181 2663 1419 2708 Athenaeus
1439 2666 1549 2723 apud
1570 2680 1694 2724 quem
1718 2667 1871 2707 Φιλήταν
1899 2666 2005 2723 legi-

1179 2736 1291 2765 mus.

1244 2795 1314 2835 59.
1346 2788 1394 2824 ut
1420 2780 1533 2838 dixt]
1566 2782 1620 2825 In
1650 2780 1736 2840 ipso
1763 2779 1860 2826 libri
1880 2782 2003 2839 hujus

1181 2840 1400 2896 principio.

1182 2899 1185 2904 ’
1242 2912 1313 2956 59.
1344 2911 1399 2940 ex
1435 2896 1568 2941 tribus
1600 2895 1789 2954 receptis]
1822 2898 1909 2958 Qi
1930 2898 2002 2943 alii

1179 2953 1256 2997 sint
1287 2955 1388 3005 duo,
1414 2956 1563 3006 nescio,
1594 2970 1645 2998 an
1676 2957 1828 2999 ieiamr
1860 2957 1999 3002 hodie.

1178 3015 1391 3057 Caeterum
1413 3014 1720 3057 Archilochum
1749 3016 1875 3058 etiam
1904 3030 2002 3059 cum

1179 3072 1441 3130 principibus
1482 3073 1525 3116 in
1562 3069 1633 3115 suo
1679 3086 1825 3130 genere
1866 3075 2001 3132 poetis

1180 3140 1367 3172 numerat
1388 3131 1538 3174 Cicero
1557 3134 1678 3173 Orat.
1701 3145 1740 3173 c.
1770 3147 1784 3173 1
1798 3162 1809 3173 .

1176 3223 1178 3226 .
1241 3190 1312 3230 60.
1335 3187 1499 3231 Novem
1515 3188 1770 3247 Lyricorum]
1796 3190 1883 3250 Qi
1904 3190 2000 3233 vul-

1180 3260 1236 3302 go
1265 3245 1316 3289 fic
1345 3255 1586 3289 enarrantur
1613 3262 1664 3289 ex
1693 3248 1878 3305 antiquis
1897 3249 2000 3292 Pin.-

1177 3305 1272 3347 dari
1300 3305 1627 3362 prolegomenis3
1668 3304 1862 3357 Alcaeus,
1897 3302 2000 3365 Sap-

1168 3361 1279 3463 piho,
1310 3362 1575 3413 stesichorus,
1607 3363 1659 3405 Ib
1691 3377 1781 3414 ωε,
1808 3365 1949 3409 Bacch
1981 3391 2001 3402 ‹-

1209 3421 1298 3472 des,
1348 3421 1595 3471 Simonides,
1683 3420 1836 3475 leman,
1875 3424 2000 3469 Ana-

1139 3527 1145 3534 !
1167 3493 1298 3521 -creou
1318 3488 1358 3522 et
1379 3480 1598 3522 Pindarus.
1925 3511 1928 3514 ⁴

1167 3575 1170 3578 ,
1209 3583 1212 3587 ,
1241 3539 1314 3582 61.
1359 3537 1580 3589 Horatius]
1629 3536 1715 3582 Od.
1750 3551 1796 3592 4,
1822 3553 1867 3586 2.
1898 3539 1999 3591 Rin-

1179 3594 1329 3636 darum
1350 3594 1522 3653 quislfuis
1542 3595 1622 3639 Sne.

1186 3668 1225 3703 N
1256 3668 1285 3707 2
