2320 4030
605 268 893 319 ms‘rrr.
931 265 1274 317 ORATOR.
1311 267 1450 317 ΜΒ.
1474 254 1548 319 X.
1579 284 1623 318 ι.
1904 272 1999 335 169

199 463 204 467 ,
283 406 460 460 velut¹
505 406 669 460 tacita
708 406 934 477 quadam
975 403 1294 460 verecundia
1335 405 1641 459 inhibemur
1681 405 1800 477 plus
1846 406 2003 461 nobis

283 479 539 545 credere3
577 495 702 531 cum
727 479 940 538 interim
967 488 1022 530 et
1058 477 1240 530 vitiosa
1273 475 1514 548 pluribus
1549 477 1792 548 placeant
1812 489 1865 543 m,
1890 489 2004 532 eta
2055 484 2058 489 '

198 564 264 621 19
282 547 577 622 corrogatis
598 550 884 602 laudentur
904 549 1089 614 etiam,
1113 566 1231 618 quae
1259 565 1364 600 non
1390 547 1621 618 placent.
1696 548 1800 600 Sed
1825 568 1855 601 e
1879 568 2004 602 con-

279 622 444 674 trario
469 624 686 693 quoque
711 620 924 684 accidit,
952 631 1012 672 ut
1045 620 1248 689 optime
1282 618 1439 672 dictis
1475 621 1700 691 gratiam·
1729 638 1884 689 prava
1909 620 2003 692 ju·-

281 691 426 746 dicia
448 709 555 744 non
581 691 829 744 referant.
904 689 1092 742 Lefiio
1115 690 1284 742 libera
1307 691 1395 754 est,
1422 708 1520 742 nec
1543 690 1770 744 actionis
1798 691 2006 763 impetu
2064 717 2065 721 ¹

282 763 621 816 transcurrit:
675 761 763 813 seu
800 759 1036 832 repetere
1072 761 1262 832 saepius
1300 761 1447 825 licet,
1489 763 1589 814 five
1629 761 1863 826 dubites,
1905 764 2006 815 five

282 834 557 888 memoriae
581 833 792 905 penitus
814 841 836 864 ¹²
871 833 1086 905 affigere
1110 832 1259 884 velie.
1334 833 1657 903 Repetamus
1677 836 1698 858 ⁰
1723 843 1922 899 autem,
1950 844 2008 886 et

201 957 205 962 .
283 906 592 970 tra&emuS,
620 914 674 957 et
713 919 797 956 υτ
835 904 985 956 cibos
1017 903 1227 955 mansos
1260 921 1321 956 ac
1359 921 1520 974 prope
1558 902 1872 975 liquefactos
1906 905 2004 957 de·

282 975 571 1040 mittimuS,
599 979 708 1058 'quo
746 974 952 1028 facilius
990 974 1323 1045 digerantur,
1357 977 1432 1027 ita
1469 975 1629 1027 le8cio
1669 991 1776 1027 non
1819 977 2003 1042 cruda,

281 1046 374 1100 sed
406 1047 579 1100 multa
617 1044 896 1100 iteratione
930 1045 1158 1109 mollita,
1185 1056 1240 1097 et
1276 1044 1423 1098 velut
1447 1045 2006 1111 confe&a,'memoriae

195 1132 266 1172 20
285 1117 682 1189 imitationique
712 1116 967 1170 tradatur.
1017 1117 1102 1169 Ac
1129 1115 1222 1168 diu
1246 1135 1353 1169 non
1381 1117 1469 1170 nifi
1496 1119 1733 1188 optimus
1760 1117 2004 1189 quisque,

284 1198 340 1242 et
362 1190 456 1260 qui
481 1190 788 1242 credentem
814 1187 907 1241 fibi
943 1187 1166 1240 minime
1201 1185 1366 1251 fallat,
1391 1188 1654 1260 legendus
1678 1189 1772 1254 est,
1796 1189 1883 1241 sed
1918 1190 2004 1242 di-

281 1259 534 1332 ligenter,
578 1276 643 1312 ac
722 1277 820 1312 ene
862 1259 932 1312 ad
971 1258 1234 1312 scribendi
1277 1258 1707 1312 solicitudinem:
1766 1275 1865 1312 nec
1913 1278 2008 1332 per

281 1342 459 1404 partes
491 1330 656 1386 modo
709 1329 965 1384 crutanda
1000 1329 1202 1393 omnia,
1231 1328 1318 1382 sed
1355 1330 1629 1401 perlectus
1650 1330 1787 1383 liber
1819 1331 2008 1403 utique

285 1417 351 1456 ex
374 1402 588 1475 integro
612 1402 973 1467 resumendus,
997 1400 1368 1473 praecipueque
1388 1411 1408 1443 Ρ
1446 1403 1634 1468 oratic,
1657 1402 1811 1474 cujus
1836 1403 2007 1456 virtu-

197 1484 259 1524 21
286 1472 719 1546 tes·frequenter
746 1479 827 1526 'ex
874 1471 1123 1525 industria
1163 1491 1378 1544 quoque
1425 1473 1780 1526 occultantur.
1855 1475 2009 1546 Saepe

284 1544 428 1598 enim
473 1555 744 1616 praeparat,
791 1544 1075 1597 diffiniulat
1094 1552 1137 1609 9,
1181 1544 1454 1598 insidiatur
1502 1556 1696 1609 orator,
1741 1563 1803 1597 ea
1840 1565 1907 1598 ue
1951 1549 2009 1599 in

322 1616 457 1670 rima
480 1628 628 1688 parte
649 1616 878 1669 actionis
899 1615 1054 1680 dicit,
1080 1634 1202 1687 quae
1239 1616 1359 1668 sunt
1382 1616 1437 1668 in
1474 1615 1678 1668 summa
1713 1563 2006 1687 pmilutum·

317 1698 476 1759 taque
513 1687 604 1740 suo
641 1687 766 1739 loco
802 1687 981 1739 minus
1011 1686 1243 1758 placent,
1270 1687 1445 1739 adhuc
1477 1688 1651 1751 nobis,
1675 1706 1840 1757 quare
1865 1688 2010 1742 dicta

285 1759 400 1824 fint,
429 1758 831 1831 ignorantibus:
872 1758 1098 1828 ideoque
1123 1770 1280 1810 erunt
1305 1759 1538 1830 cognitis
1568 1759 1820 1812 omnibus
1852 1779 2006 1832 repe.-

193 1841 263 1898 22
286 1829 466 1883 tenda.
542 1829 683 1883 Illud
718 1826 855 1882 vero'
874 1830 1226 1894 utiliflimum,
1252 1830 1393 1883 nosse
1418 1849 1505 1883 eas
1533 1829 1752 1896 caussae,
1778 1849 2006 1902 quarum

230 1903 234 1906 ’
284 1901 551 1954 orationes
586 1902 640 1953 in
680 1919 868 1953 manus
903 1901 1307 1953 sumserimus‘:
1361 1913 1415 1954 et
1457 1902 1668 1974 quoties
1707 1902 2005 1976 continget,

283 1972 555 2043 utrimque
582 1972 792 2025 habitas
827 1972 1008 2044 legere
1036 1971 1305 2024 actiones:
1344 1984 1407 2024 ut
1440 1971 1812 2026 Demosthenis
1846 1985 2008 2046 atque

281 2039 551 2097 AEsthiuis
575 2043 714 2096 inter
736 2044 788 2096 se
813 2043 1132 2096 contrarias:
1171 2054 1235 2095 ut
1263 2044 1433 2096 Servii
1468 2043 1694 2116 Sulpicii
1731 2055 1817 2096 ets
1856 2046 2004 2098 Mes-

281 2114 422 2179 sale,
441 2131 669 2186 quorum
697 2114 833 2167 alter
858 2132 954 2186 pro
979 2114 1212 2179 Aufidia,
1239 2127 1425 2168 contra
1446 2115 1580 2168 dixit
1604 2115 1766 2168 alter:
1806 2126 1863 2168 et
1890 2116 2009 2169 Pol-

282 2185 442 2239 lionis
464 2197 522 2238 et
546 2185 701 2239 Caffii
718 2193 731 2218 ¹
756 2204 847 2238 reo
867 2196 887 2218 ¹⁸
911 2187 1220 2258 Asprenate,
1246 2186 1476 2259 aliasque
1502 2187 1777 2260 plurimas„
1826 2188 2005 2243 Quin-

293 2374 297 2377 ‚
336 2353 348 2381 ¹
377 2354 479 2396 illud
498 2355 548 2395 G.
565 2355 672 2395 Jens.
797 2363 827 2386 m
854 2355 1286 2407 placent—laudantur
1301 2356 1371 2396 iil.
1462 2371 1469 2377 ·
1496 2361 1514 2380 ¹²
1547 2371 1615 2395 om.
1636 2357 1704 2396 iid.
1829 2363 1848 2383 0
1879 2359 2009 2411 Repe-

280 2409 409 2453 tihme
426 2418 468 2449 et
482 2411 697 2448 traiciamus
717 2409 783 2455 iicl.
904 2415 925 2442 P
952 2411 1152 2461 praecipue
1170 2411 1237 2449 iid.
1357 2419 1377 2449 (ι
1407 2409 1681 2450 diffimulatim
1702 2411 1860 2452 infidias
1877 2423 2008 2453 orator

283 2471 406 2515 atque
420 2463 490 2503 iid.
640 2469 658 2492 ¹·
687 2463 899 2502 sumsimus
917 2465 1023 2503 Jens.
1160 2471 1173 2488 ⁵
1207 2473 1328 2514 atque
1346 2465 1398 2503 G.
1417 2465 1524 2503 Jens.
1662 2471 1671 2490 ⁸
1705 2475 1844 2505 contra
1863 2467 1930 2520 ins
1952 2469 2004 2507 G.

287 2523 308 2542 ²⁸
340 2530 428 2557 reus
456 2517 688 2569 aspernatus
717 2519 771 2556 est
802 2517 853 2557 G.
871 2518 976 2557 Jens.
1007 2518 1113 2558 Reus
1142 2519 1338 2570 Asprenas
1370 2521 1425 2558 est
1454 2520 1544 2570 conj.
1578 2518 1678 2560 Ptol.
1709 2520 1879 2574 Flavius*
1903 2521 2005 2576 Obffi

283 2582 324 2632 c..
343 2572 413 2623 58,
433 2571 568 2623 Lamp.
591 2570 708 2612 Grut.
726 2572 777 2611 Τ.
802 2584 839 2621 1,
859 2585 900 2623 p.
919 2582 1014 2622 977.

287 2717 464 2761 Erasini.
496 2718 722 2777 Praecptor
746 2719 946 2778 quondam
974 2733 1099 2772 meus,
1181 2728 1251 2763 tra
1269 2719 1475 2777 Aufidiam
1505 2722 1639 2765 oratio
1673 2722 1864 2766 laudatur
1892 2728 1934 2777 6,
1961 2742 2002 2779 1,

286 2775 510 2834 Gregorius
538 2775 858 2828 Nazianzenus,
879 2786 1046 2833 rogatus
1072 2793 1102 2820 a
1184 2793 1257 2821 20.
1532 2787 1535 2789 ’

286 2847 352 2877 me
377 2842 423 2877 ut
450 2841 681 2892 exponeret,
698 2836 800 2894 quid
816 2835 896 2893 fibi
913 2836 1040 2878 vellet
1058 2835 1102 2878 in
1243 2851 1320 2879 22.v
1346 2850 1415 2880 reo
1433 2838 1676 2896 Asprenate]
1701 2840 1897 2897 Asprenas
1917 2842 2000 2885 No-

288 2893 405 2936 Luca
434 2892 683 2935 Sabbathum
713 2895 994 2948 δευτερόπρωτον,
1024 2893 1101 2935 ele·
1182 2893 1275 2936 nius
1291 2895 1456 2938 arelius
1476 2897 1672 2954 Augusto
1693 2899 1863 2955 juncius
1886 2903 1999 2960 “Uis-

280 2959 441 3007 ganoer
481 2949 583 3006 lustr,
618 2945 771 2994 Docebo
808 2959 863 3000 te,
886 2949 1099 3007 inquiens,
1168 2954 1269 3009 sam
1300 2953 1491 3010 veneficii
1522 2956 1731 3015 accusante
1768 2958 1891 3010 Caffio
1926 2963 2000 3001 Se-

272 3010 405 3067 ficper
421 3006 496 3051 bac
513 3023 559 3052 re
575 3008 620 3051 in
639 3008 822 3064 Ecclesia,
841 3008 885 3051 in
902 3023 985 3066 qua
1003 3008 1103 3052 mihi
1182 3024 1289 3053 vero
1312 3010 1437 3067 dixit,
1458 3011 1551 3054 teste
1582 3015 1750 3056 Sueton.
1774 3016 1896 3073 Aug.
1924 3022 1996 3071 56.

284 3066 396 3110 ,omni
413 3066 554 3123 populo
581 3067 849 3117 acclamante,
868 3067 1018 3122 cogeris
1036 3067 1099 3109 ia·
1183 3068 1249 3111 De
1272 3067 1432 3125 patinis
1456 3084 1581 3127 agens
1611 3071 1720 3114 Plin.
1761 3088 1830 3126 35,
1863 3090 1932 3126 ιε,
1966 3078 1999 3120 s.

286 3125 408 3167 vitus
415 3124 527 3182 fiire
542 3126 648 3190 quod
657 3124 782 3183 mstis
798 3143 811 3166 .·
844 3133 919 3166 aut
936 3133 1044 3167 certe
1061 3125 1107 3180 st
1180 3128 1257 3177 46,
1287 3126 1377 3170 Non
1393 3127 1485 3178 illa,
1506 3129 1658 3194 inquit,
1665 3130 1864 3185 foediore‚
1884 3135 1996 3191 cajus

276 3182 390 3240 solus
404 3183 714 3239 tamerts‚]blus
733 3182 786 3224 ab
804 3182 980 3224 omnibus
994 3183 1100 3240 stul·
1179 3198 1341 3227 veneno
1359 3184 1572 3244 Asprenati
1591 3201 1657 3230 reo
1678 3189 1836 3240 Caffius
1866 3192 1998 3234 Seve-

287 3237 393 3283 titiae
410 3240 748 3283 condemnaberis.
792 3239 910 3283 Nihil
922 3240 1096 3295 tamfu-
1181 3257 1254 3285 rus
1311 3246 1520 3302 accusator
1563 3245 1773 3302 objiciebat
1828 3247 1999 3308 interisse

257 3343 263 3350 ‚
287 3299 376 3348 c'ile,
395 3312 524 3357 qnam
545 3298 674 3341 vilem
697 3297 959 3356 plebeculam,
979 3307 1018 3341 et
1036 3299 1094 3340 in·
1182 3300 1360 3343 CXXX
1396 3300 1623 3345 convivas.
1685 3305 1825 3361 Igitur
1862 3307 1999 3352 Pollio

285 3358 445 3400 doe‘lam
479 3356 695 3400 concionem
726 3356 876 3412 linguae
908 3355 1098 3398 ‹volubili-
1180 3373 1258 3416 pro
1276 3358 1503 3417 Asprenate
1522 3361 1646 3412 dixit,
1666 3362 1778 3418 q-uod
1802 3364 1925 3407 etiam
1949 3384 1996 3409 u-

245 3432 265 3463 0·
287 3422 376 3457 tute
405 3414 599 3471 decipere,
620 3428 711 3471 quae
735 3413 930 3472 quidquid
943 3429 1020 3457 non
1036 3414 1101 3457 in·
1182 3416 1367 3474 tritisque
1384 3418 1561 3475 personae
1593 3420 1819 3476 ingenium,
1841 3433 1880 3464 et
1904 3424 1999 3469 reli·

288 3472 447 3528 telligit,
459 3473 552 3528 plus
570 3472 765 3515 miratur.
1184 3488 1268 3530 qua
1299 3475 1407 3518 ratio
1439 3474 1590 3522 faceret
1624 3478 1851 3535 probabile,
1873 3480 1899 3523 fi
1928 3497 1998 3525 ne-

351 3546 423 3572 22.
455 3530 601 3573 Servii
628 3529 816 3592 Sulpicii]
853 3530 993 3586 Hujus
1013 3543 1101 3573 con—
1184 3532 1407 3575 &iremus-4
1438 3548 1534 3577 cum
1568 3533 1717 3586 Pollio,
1739 3536 1781 3578 in
1818 3539 2002 3583 amicitia
