2320 4030
551 303 830 354 1NsT1T.
865 301 1206 354 ORATOR.
1241 303 1380 353 LIB.
1412 303 1528 355 ΧΠ.
1568 314 1613 355 1.
1820 322 1918 369 301

210 437 381 495 ritatis
418 439 641 493 invenit.
713 441 902 493 Mutos
943 439 1128 493 enim?
1166 439 1327 503 nasci,
1363 450 1418 492 et
1454 458 1616 512 egere
1655 441 1802 494 omni
1837 461 1923 496 ra-

212 509 360 562 tione
406 511 563 564 satius
608 511 797 576 fuiffet,
841 529 1000 582 quam
1047 511 1391 582 providentiae
1435 529 1654 563 munera
1700 511 1756 563 in
1799 533 1924 566 mu-

156 594 188 647 3
214 589 361 632 tuam
405 582 689 652 perniciem
733 593 1055 636 convertere.
1130 581 1371 653 Longius
1415 581 1588 638 tendit
1631 581 1735 635 hoc
1771 583 1923 654 judi-

213 651 358 704 cium
398 671 599 704 meum.
673 653 868 723 Neque
901 653 1043 704 enim
1082 661 1288 704 tantum
1322 651 1380 704 id
1412 651 1553 718 dico,
1581 670 1724 719 eum,
1750 655 1843 724 qui
1869 656 1930 708 fit

212 733 407 788 orator,
430 724 598 775 virum
621 722 794 775 bonum
829 723 919 794 ff
941 732 1149 795 oportere
1170 744 1188 774 .·
1224 721 1312 774 sed
1339 741 1405 774 ne
1430 723 1672 776 futurum
1709 725 1928 795 quidem

213 803 496 857 oratorem,
523 793 614 844 nisi
654 793 824 846 virum
859 795 1082 846 bonum.
1154 795 1298 846 Nam
1341 807 1482 846 certe
1521 812 1694 864 neque
1729 796 1928 848 intelli-

213 863 453 933 gentiam
483 864 789 922 concesseris
818 864 903 928 iis,
929 864 1039 936 qui,
1064 865 1321 935 proposita
1355 865 1689 916 honestorum
1727 884 1790 920 ac
1814 878 1929 920 tur-

214 934 361 1003 pium
387 934 489 999 via,
513 933 745 1005 pejorem
770 935 916 1005 sequi
935 935 1132 997 (malint
1149 946 1167 977 ‘³
1191 956 1206 1000 3
1246 954 1417 1005 neque
1450 935 1782 1006 prudentiam
1810 936 1930 1004 iis'f,

215 1003 311 1075 qui
348 1004 403 1056 in
442 1006 762 1076 graviffimas
797 1005 1100 1076 frequenter
1134 1006 1336 1078 legum,
1376 1007 1575 1076 semper
1612 1025 1735 1060 vero
1775 1009 1932 1063 malae

214 1074 572 1141 conscientiae,
605 1095 784 1147 poenas
824 1095 854 1129 a
892 1078 1055 1130 semet
1097 1077 1212 1148 ipsis
1253 1077 1324 1129 im
1365 1077 1531 1129 roviso
1569 1096 1744 1131 rerum
1779 1081 1931 1135 exitu

158 1145 521 1209 4induantur.
596 1147 761 1202 Quod
803 1148 834 1200 fi
879 1166 1195 1201 NEMINEM
1238 1095 1425 1200 magam
1462 1148 1582 1213 effe,
1607 1149 1702 1220 ng‘fi
1718 1148 1932 1220 stultum

217 1218 487 1284 eumdem,
511 1237 618 1271 non
645 1218 807 1272 modo
831 1237 862 1271 a
898 1219 1219 1290 sapientibus
1243 1219 1456 1284 dicitur,
1483 1219 1572 1271 sed
1604 1221 1772 1292 vulgo
1798 1241 1933 1293 quo-

217 1306 322 1358 que
346 1289 545 1359 semper
567 1291 636 1341 est
670 1289 966 1342 creditum:
1007 1301 1150 1343 certe
1186 1292 1292 1342 non
1330 1290 1420 1342 fiet
1446 1300 1699 1362 umquam
1732 1292 1934 1359 stultus,

217 1369 412 1412 orator.
486 1359 643 1414 Adde
678 1361 823 1431 quod
859 1380 925 1412 ne
959 1361 1122 1413 studio
1149 1361 1368 1432 quidem
1394 1362 1564 1431 operis
1590 1362 1935 1432 pulcherrimi

165 1475 168 1482 .,
218 1448 404 1483 vacare
439 1450 609 1496 menS,
647 1431 736 1483 nisi
776 1431 1025 1484 omnibus
1062 1432 1202 1491 vitiis
1236 1431 1422 1497 libera,
1458 1433 1653 1502 potest:
1705 1434 1935 1504 primum

217 1501 362 1572 quod
388 1502 441 1554 in
475 1501 663 1554 eodem
699 1503 912 1573 pthore
946 1502 1152 1555 nullum
1191 1504 1263 1556 est
1297 1503 1630 1556 honestorum
1668 1507 1934 1576 turpium-

219 1591 326 1642 que
359 1573 714 1626 consortium:
763 1584 818 1626 et
855 1574 1090 1645 cogitare
1129 1574 1330 1644 optima
1368 1573 1519 1627 fimul
1558 1593 1619 1626 ac
1658 1575 1939 1630 deterrima

219 1661 328 1708 non
355 1644 525 1716 magis
550 1645 619 1696 est
645 1645 801 1697 unius
826 1645 1007 1707 animi,
1029 1663 1188 1716 quam
1215 1645 1446 1716 ejusdem
1474 1646 1706 1699 hominis
1731 1649 1938 1702 bonum

159 1713 318 1787 5‘effe
352 1733 415 1768 ac
451 1715 674 1768 malum.
747 1717 884 1768 Tum
924 1714 1015 1768 illa
1049 1735 1265 1787 quoque
1291 1735 1357 1767 ex
1394 1716 1751 1789 cauffa2quod
1782 1738 1936 1772 men-

221 1795 329 1838 tem
355 1796 518 1839 tantae
543 1787 619 1838 rei
643 1786 926 1851 intentam,
954 1805 1136 1839 vacare
1160 1788 1411 1840 omnibus
1437 1787 1570 1852 aliis,
1594 1789 1755 1857 etiam
1781 1790 1938 1862 culpa.

218 1857 542 1923 carentibuS,
586 1857 726 1910 curis
767 1869 998 1929 oportet.
1072 1859 1155 1910 Ita
1196 1858 1409 1910 demum
1456 1859 1599 1911 enim
1644 1860 1828 1928 libera,
1873 1880 1940 1921 ac

219 1940 355 1992 tota,
382 1928 526 1980 nulla
555 1927 898 2002 distringente
928 1939 1089 2000 atque
1122 1929 1226 1981 alio
1262 1929 1490 1997 ducente
1524 1930 1709 1996 caussa,
1736 1932 1938 2003 spei-Ita,

158 2003 195 2054 6
221 1999 304 2051 bit
337 1998 393 2052 id
418 1999 606 2069 solum,
631 1999 697 2051 ad
723 2000 868 2070 quod
893 2000 1208 2072 accingitur.
1285 2001 1450 2053 Quod
1475 2000 1506 2052 fi
1535 2019 1779 2072 agrorum
1798 2012 1814 2033 ⁵
1852 2005 1938 2057 ni-

221 2070 330 2122 mia
354 2089 498 2135 cura,
526 2082 580 2122 et
616 2070 865 2123 solicitior
886 2071 963 2123 rei
996 2070 1265 2139 familiaris
1299 2067 1599 2143 diligentia,
1625 2083 1680 2124 et
1715 2075 1941 2128 venandi

222 2142 484 2213 voluptas,
525 2153 581 2194 et
616 2141 727 2194 dati
770 2141 1077 2213 spectaculis
1119 2141 1252 2207 dies,
1294 2143 1525 2195 multum
1577 2143 1754 2198 studiis
1797 2145 1944 2212 aufe-

221 2223 383 2278 runt;
440 2212 589 2282 (huic
628 2213 771 2266 enim
812 2213 886 2265 rei
929 2213 1068 2284 perit
1105 2223 1335 2284 tempus,
1375 2214 1752 2286 quodcumque
1790 2217 1942 2271 alteri

222 2282 398 2350 datur)
438 2283 570 2355 quid
603 2295 852 2355 putamus
887 2283 1115 2336 fluituras
1151 2282 1514 2355 cupiditatem,
1541 2287 1828 2354 avaritiam,
1855 2288 1942 2340 in-

223 2355 420 2408 vidiam
452 2357 469 2407 Ρ
535 2374 754 2426 quarum
813 2355 1261 2426 impotentissimae
1322 2357 1674 2427 cogitationes
1733 2359 1945 2414 somnos

171 2441 199 2497 7
226 2426 384 2479 etiam
411 2426 564 2497 ipsm,
591 2437 646 2479 et
670 2426 759 2478 illa
783 2444 875 2497 per
902 2425 1138 2497 quietem
1164 2426 1269 2479 visa
1292 2428 1599 2497 perturbant
1619 2435 1656 2480 ³.
1728 2430 1786 2481 N
1795 2448 1863 2482 1H
1878 2449 1942 2484 IL

162 2498 166 2502 ’
226 2497 298 2549 est
335 2498 477 2550 enim
515 2507 665 2550 tam¹¹
703 2508 1042 2568 occupatum,
1074 2508 1183 2550 tam
1222 2497 1572 2564 multiforme,
1611 2510 1695 2552 tot
1732 2519 1793 2554 ac
1829 2514 1942 2555 tam

224 2567 381 2621 variis
421 2568 695 2622 affectibus
737 2567 1004 2621 concisum
1045 2579 1207 2639 atque
1248 2569 1555 2633 laceratum,
1598 2589 1756 2640 quam
1803 2574 1947 2628 mala

225 2658 396 2692 mens.
470 2641 611 2692 Nam
638 2652 692 2693 et
718 2658 842 2692 cum
875 2638 1160 2705 insidiatur,
1185 2640 1271 2710 spe
1285 2650 1326 2706 V,
1355 2640 1512 2704 curiS,
1538 2640 1717 2694 labore
1739 2643 1945 2696 distrin-

225 2711 373 2782 gitur
392 2719 415 2742 Χ
437 2731 450 2762 :
474 2722 546 2766 ,et
570 2711 702 2783 jam,
729 2729 854 2764 cum
889 2709 1097 2763 sceleris
1128 2729 1347 2782 compos
1385 2710 1566 2776 suerit,
1589 2711 1940 2781 solicitudine,

226 2781 557 2853 poenitentia,
603 2799 876 2853 poenarum
925 2782 1164 2834 omnium
1212 2782 1599 2853 exspe&atione
1647 2795 1942 2855 torquetur.

229 2853 367 2908 Quis
412 2853 549 2906 inter
586 2853 704 2906 haec
742 2852 927 2918 literis,
950 2864 1042 2905 aut
1080 2852 1175 2905 ulli
1214 2853 1367 2906 bonae
1407 2854 1505 2905 arti
1538 2853 1686 2906 locus
1709 2859 1771 2908 2?
1812 2857 1942 2910 Non

227 2923 405 2977 hercle
429 2924 618 2997 magiS,
641 2942 805 2995 quam
844 2924 1087 2995 frugibus
1125 2924 1178 2975 in
1202 2933 1221 2956 ²
1260 2934 1396 2976 terra
1432 2925 1663 2977 sentibus
1701 2945 1764 2978 ac
1796 2928 1945 2981 rubis

175 2995 206 3047 8
230 3005 505 3065 occupata.
578 2996 722 3067 Age,
769 3013 874 3047 non
917 2995 985 3046 ad
1030 2993 1366 3066 perferendos
1406 2995 1690 3048 studiorum
1737 2997 1946 3053 labores

230 3066 504 3119 necessaria
527 3065 841 3139 frugalitas?
890 3065 1043 3119 Quid
1073 3083 1202 3138 ergo
1235 3084 1297 3117 ex
1338 3066 1561 3118 libidine
1597 3085 1657 3119 ac
1679 3073 1698 3102 ὓ
1734 3068 1946 3123 luxuria

227 3137 334 3208 spei
358 3139 374 3189 Ρ
428 3138 554 3189 Non
581 3137 842 3208 praecipue
869 3136 1012 3188 acuit
1045 3135 1110 3198 ad
1136 3136 1476 3207 cupiditatem
1503 3137 1769 3191 literarum
1795 3158 1947 3194 amor

228 3208 398 3261 laudis
416 3216 435 3240 ⁶
459 3210 474 3260 ?
531 3209 680 3261 Num
717 3207 884 3280 igitur
906 3205 1070 3260 'm'alis
1107 3207 1206 3260 esse
1236 3207 1448 3260 laudem
1478 3218 1622 3260 ‘curae'
1647 3221 1896 3280 putamus
1922 3215 1940 3264 ἒ

282 3396 303 3425 1²
327 3393 447 3430 etiam
470 3391 519 3430 G.
630 3396 647 3422 ‘¹
682 3389 839 3429 malunt
857 3389 962 3429 Jens.
1070 3397 1087 3420 ¹·
1115 3403 1211 3430 cum
1238 3392 1278 3430 in
1299 3390 1449 3440 graviff.
1469 3391 1522 3430 G.
1549 3402 1646 3430 cum
1665 3393 1816 3442 graviff.
1835 3396 1941 3435 Jens.

231 3455 244 3474 ⁸
277 3458 487 3495 corporum
507 3445 550 3483 de
570 3445 677 3495 Regii
696 3444 897 3495 corgieHura
916 3443 1083 3497 quaedaru
1103 3445 1206 3484 editt.
1292 3451 1300 3473 ¹
1323 3445 1550 3496 perturbent
1566 3447 1586 3484 J
1593 3446 1671 3484 ens.
1757 3453 1776 3472 ²¹
1801 3463 1869 3488 om.
1890 3452 1942 3490 G.

233 3505 249 3521 ν
283 3511 362 3549 prae
381 3499 432 3537 G.
449 3500 553 3538 Jens.
679 3503 701 3525 x
729 3498 979 3547 distinguitur
999 3499 1052 3539 G.
1185 3506 1206 3528 2
1235 3497 1365 3538 cultus
1385 3501 1490 3538 Jens.
1626 3506 1642 3525 ⁸
1675 3501 1822 3542 interea
1838 3503 1944 3544 Jens.

232 3551 250 3575 '³
283 3563 350 3591 aut
369 3552 420 3591 id.
530 3558 545 3578 ⁶
580 3551 772 3592 claudum
791 3551 840 3590 G.
