2320 4030
391 307 488 359 352
783 293 859 341 Μ.
895 290 1100 341 FABII
1138 292 1714 341 QUINCTILIANI

389 427 631 481 notitiam
672 445 876 492 eorum,
905 428 938 480 fi
962 427 1054 498 qui
1078 427 1212 480 forte
1242 426 1559 498 cognoscere
1593 427 1891 492 voluissent,
1951 434 2102 482 rotu-
2156 492 2160 493 ⁷

387 498 515 551 liffe.
589 499 772 569 Atque
808 498 863 551 id
890 498 1001 551 viro
1033 499 1176 551 bono
1212 498 1332 549 satis
1367 498 1456 561 est,
1481 497 1719 550 docuisse·
1734 498 1876 569 quod
1929 499 2099 552 cierit.
2123 506 2156 559 9

389 569 589 621 Vereor
612 578 812 630 tamen,
839 587 905 621 ne
929 579 1021 621 aut
1044 587 1239 639 magna
1265 567 1488 620 nimium
1513 567 1693 620 videar
1720 569 1932 640 exigere
1950 591 1968 636 3
2006 570 2103 641 qui

386 639 639 692 eumdem
679 639 849 692 virum
891 640 1091 692 bonum
1133 638 1251 700 effe,
1293 648 1348 691 et
1382 637 1593 691 dicendi
1634 639 1863 709 peritum
1903 640 2130 694 velimz,

388 719 480 762 aut
505 710 709 774 multa3
747 709 838 780 qui
875 719 959 762 tot
993 709 1193 761 artibus
1233 708 1285 761 in
1323 709 1549 779 pueritia
1583 708 1861 774 discendiS,
1889 729 2100 764 morum

428 799 496 832 uo
536 798 601 832 ue
627 791 908 851 praecepta,
933 789 989 832 et
1011 778 1278 832 scientiam
1307 779 1444 851 juris
1467 779 1656 845 civilis»,
1683 791 1871 852 praeter
1893 800 1953 834 ea
1977 801 2101 854 quae

423 868 454 902 e
478 798 1164 921 e‘ioquentiatradebantur,
1191 849 1471 921 adjecerim
1497 871 1510 901 z
1549 851 1748 920 quique
1779 850 1928 904 haeci
1965 870 2099 924 ope-

383 921 461 974 ri¹
503 922 676 973 nostro
719 919 995 973 neceffaria
1033 919 1132 972 effe
1168 920 1480 973 crediderim
1501 930 1552 984 ¹¹¹,
1595 921 1740 974 velut
1777 921 1985 993 pondus
2021 923 2096 976 rei

384 991 797 1062 perhorrescant,
824 1009 886 1042 ac
910 990 1184 1061 desperent
1207 1001 1329 1043 ante
1353 989 1795 1062 experimentum.
1869 994 1973 1047 Sed
1991 1006 2012 1030 ⁰
2041 994 2098 1047 hi
2125 1000 2191 1036 10

384 1061 617 1133 primum
657 1062 963 1114 renuntient
1000 1061 1112 1126 fibi,
1139 1071 1336 1131 quanta
1371 1061 1431 1114 fit
1466 1061 1684 1114 humani
1718 1063 1959 1135 ingenii⁰
1996 1065 2096 1131 via,

399 1137 545 1185 ‘uam
570 1141 757 1203 potens
792 1131 1054 1185 efficiendi
1090 1150 1208 1202 quae
1241 1131 1386 1196 velit,
1414 1149 1534 1185 cum
1576 1132 1739 1186 maria
1775 1134 2001 1200 transire,
2030 1136 2095 1188 fi-

382 1151 567 1255 derum
616 1204 792 1265 cursus
842 1202 1190 1273 numerosque
1237 1202 1572 1274 cognoscere,
1617 1204 1878 1258 mundum
1927 1205 2095 1277 ipsum

382 1290 537 1344 pene.
560 1273 814 1339 dimetiri,
852 1273 1102 1339 minores,
1139 1272 1224 1325 sed
1259 1273 1595 1339 difficilioreS,
1630 1284 1768 1327 artes
1803 1275 2093 1346 potuerint.

379 1345 523 1397 Tum
562 1343 824 1419 cogitent,
851 1353 1104 1416 quantam
1140 1362 1252 1396 rem
1290 1354 1489 1414 petant,
1519 1362 1786 1415 quamque
1824 1344 1998 1400 nullus
2034 1347 2096 1400 fit

379 1413 486 1468 hoc
521 1414 783 1487 proposito
805 1414 1024 1486 praemio
1058 1415 1207 1467 labor
1231 1414 1566 1467 recusanduS.
1641 1416 1806 1469 Quod
1841 1417 1873 1469 fi
1912 1429 2093 1471 mente
2120 1424 2178 1460 11

378 1487 740 1556 conceperint,
764 1485 891 1540 huic
913 1503 1127 1557 quoque
1151 1485 1285 1557 parti
1310 1484 1514 1537 facilius
1538 1487 1811 1553 accedent,
1838 1499 1899 1540 ut
1922 1487 2092 1560 ipsum

376 1554 479 1612 iter
527 1574 593 1609 ne
632 1576 699 1609 ue
745 1556 1078 1627 impervium,
1128 1574 1300 1626 neque
1353 1555 1533 1608 saltem
1562 1565 1584 1598 Ρ
1632 1557 1824 1611 durum
1882 1571 2088 1630 putent.

377 1626 523 1681 Nam
565 1626 583 1679 i
623 1666 639 1691 ,
678 1626 822 1698 quod
860 1627 1024 1697 priuS,
1064 1627 1316 1698 quodque
1362 1627 1535 1699 majus
1583 1628 1673 1693 est,
1716 1639 1779 1682 ut
1827 1629 1955 1682 boni
1994 1630 2092 1684 viri

377 1697 555 1762 fimUS,
583 1697 854 1750 voluntate
879 1698 1107 1750 maxime
1130 1698 1363 1750 constat:
1402 1716 1561 1770 quam
1600 1698 1693 1769 qui
1729 1716 1849 1753 vera
1880 1701 1982 1754 fide
2005 1701 2090 1754 in..

376 1768 573 1834 duerit,
612 1767 768 1821 facile
807 1767 1036 1832 easdem,
1072 1786 1191 1838 quae
1229 1769 1478 1821 virtutem
1518 1768 1731 1835 docent,
1767 1781 1904 1842 artes
1944 1773 2087 1828 acci-

372 1838 508 1909 piet.
582 1839 775 1910 Neque
799 1838 940 1891 enim
973 1848 1064 1892 aut
1088 1849 1198 1891 tam
1219 1849 1239 1880 ‘¹
1275 1839 1539 1910 perplexa,
1565 1851 1659 1893 aut
1681 1850 1788 1893 tam
1816 1844 2092 1896 numerosa
2116 1849 2182 1890 12

373 1909 497 1963 sunt
519 1927 640 1980 quae
663 1921 931 1980 premunt,
957 1921 1021 1962 ut
1044 1927 1150 1961 non
1177 1928 1465 1980 paucorum
1503 1910 1792 1964 admodum
1830 1930 2089 1968 annorum

364 1979 671 2035 intentione
707 1979 988 2033 discantur.
1022 2014 1030 2019 -
1061 1981 1304 2052 Longam
1343 1981 1484 2046 enim
1522 1981 1649 2034 facit
1684 2000 1914 2054 operam,
1946 1986 2094 2056 quod

364 2055 757 2122 ‚repugnamusss
827 2051 1070 2103 Bnmus
1106 2052 1175 2104 est
1201 2051 1457 2125 insititutio
1482 2051 1604 2105 vitae
1639 2052 1869 2107 honestae
1893 2054 2091 2108 beatae-

364 2140 500 2192 que,
527 2122 561 2174 fi
606 2121 807 2176 credas.
880 2122 1087 2175 Natura
1126 2121 1270 2175 enim
1314 2141 1411 2177 nos
1453 2122 1520 2175 ad
1559 2133 1793 2176 mentem
1830 2126 2090 2196 optimam

372 2193 566 2264 genuit
589 2212 603 2246 z
644 2193 884 2263 adeoque
907 2191 1103 2245 discere
1128 2192 1350 2246 meliora
1374 2193 1672 2248 volentibus
1703 2206 1972 2266 promtum
1998 2199 2088 2264 est,

371 2274 437 2317 ut
471 2281 592 2318 vere
631 2264 861 2316 intuenti
902 2263 1095 2315 mirum
1136 2263 1197 2315 fit
1237 2263 1370 2317 illud
1415 2265 1608 2337 magiS,
1632 2266 1800 2319 malos
1838 2266 2085 2321 effetam

371 2334 590 2389 multos.
662 2334 805 2387 Nam
857 2350 938 2386 υτ
979 2352 1116 2405 aqua
1153 2334 1402 2404 piscibuS,
1435 2346 1497 2387 ut
1534 2337 1664 2388 sicca
1704 2337 1940 2402 terreniS,
1979 2339 2084 2392 cir·
2111 2344 2173 2398 13

369 2404 642 2460 cumfusus
667 2405 820 2473 nobis
845 2403 1053 2474 spiritus
1089 2406 1392 2458 volucribus
1418 2406 1701 2460 convenit:
1740 2407 1816 2460 ita
1839 2419 1981 2462 certe
2005 2409 2086 2463 fa-

368 2475 525 2531 cilius
571 2476 672 2529 effe
717 2475 1013 2546 oportebat,
1057 2475 1347 2530 secundum
1388 2487 1649 2543 naturam,
1690 2497 1852 2550 quam
1901 2492 2087 2534 contra

423 2642 436 2671 ἰ
467 2659 536 2683 om.
553 2646 659 2685 Jens.
766 2643 777 2669 ¹
805 2656 924 2696 opera
942 2646 1072 2685 nostra
1089 2645 1141 2684 G.
1247 2654 1277 2676 ω
1307 2648 1542 2687 crediderint
1560 2647 1622 2688 vel
1642 2659 1838 2688 remoram
1858 2650 1968 2700 perh.
1992 2649 2083 2690 obr.

368 2699 620 2746 crediderint,
639 2698 749 2738 velut
767 2699 981 2750 morostora
1003 2699 1295 2750 perhorrescant
1312 2704 1402 2754 conj.
1423 2704 1555 2741 Burm.
1592 2703 1836 2743 Crediderim
1853 2712 1948 2743 certe
1965 2703 2084 2754 lagen-

367 2753 469 2791 dum.
658 2758 677 2777 ¹²
708 2752 898 2802 Namque
916 2753 988 2803 pri.
1009 2753 1061 2791 G.
1089 2753 1278 2803 Namque
1297 2757 1365 2804 qui
1384 2757 1458 2807 pri.
1475 2757 1582 2796 Jens.
1760 2762 1780 2781 ⁰
1807 2757 1961 2807 generis
1975 2758 2082 2797 Jens.

367 2810 389 2838 Ρ
415 2805 561 2845 callem
578 2806 809 2858 conjeceram,
817 2806 890 2860 fid
905 2806 986 2849 vid.
1007 2814 1081 2846 not.
1189 2813 1207 2839 *l
1234 2822 1303 2848 om.
1324 2809 1377 2849 G.

434 2969 506 2997 11.
534 2968 658 3011 neque
673 2953 827 3011 saltem
842 2954 1010 3007 durum]
1044 2954 1187 2999 offen-
1268 2954 1415 3005 vitam,
1438 2954 1518 2998 *nifi
1549 2971 1644 3013 quae
1678 2956 1838 2999 honesta
1867 2956 1942 3000 fitz
1988 2966 2081 3001 tum

370 3011 438 3054 sus
459 3013 591 3068 primo
611 3013 857 3062 inconfiieta,
877 3021 925 3054 ut
953 3013 1186 3063 videbatur,
1267 3013 1376 3054 enim
1405 3013 1446 3055 id
1466 3013 1662 3070 sequitur,
1683 3017 1794 3070 quod
1823 3030 1872 3057 ex
1903 3016 2089 3070 Socratis-

372 3069 662 3125 fignificatione
681 3073 743 3114 τῆς
756 3069 923 3127 saltem,
942 3069 1084 3111 callem
1103 3071 1187 3112 sus·
1266 3069 1479 3127 disciplina
1506 3071 1679 3114 refertur
1705 3072 1800 3114 Cic.
1821 3074 1872 3115 de
1891 3076 2013 3116 Orat.
2039 3090 2078 3125 1,

367 3128 539 3183 picabar
576 3127 643 3170 hic
682 3125 811 3171 fuisse.
871 3127 948 3170 Sed
981 3129 1186 3171 revocavit
1265 3142 1341 3179 47,
1382 3127 1539 3185 Quibus
1567 3129 1614 3173 id
1636 3130 1870 3187 persuasum
1901 3131 2005 3188 cffi‘t,
2033 3140 2079 3174 ut

370 3200 437 3227 me
475 3185 570 3227 usus
611 3185 748 3234 Fabii,
778 3186 853 3241 qui
883 3197 1008 3240 neque
1032 3185 1184 3241 saltem
1265 3182 1369 3227 nihil
1381 3185 1545 3229 mallent
1556 3188 1607 3244 se
1635 3186 1704 3243 effe
1721 3202 1843 3243 quam
1869 3187 1986 3232 bonos
2002 3189 2078 3232 vi-

369 3244 485 3299 ponit
516 3258 589 3300 pro
607 3256 657 3284 ne
672 3241 846 3299 quidem.
878 3243 980 3284 Vid.
1001 3243 1051 3284 ad
1073 3245 1117 3290 6,
1138 3257 1182 3292 2,
1264 3255 1346 3292 ros,
1365 3241 1415 3285 iis
1433 3243 1628 3302 reliquam
1645 3244 1815 3299 facilem
1842 3245 1914 3303 effe
1928 3246 2079 3291 dodra·-

372 3316 442 3355 19.
474 3309 515 3342 et
547 3300 643 3342 add.
683 3302 726 3350 6,
754 3315 800 3351 4,
824 3315 895 3352 ις.
946 3300 1055 3343 Nam
1083 3298 1187 3344 illud
1262 3314 1373 3342 nam.
1622 3328 1631 3337 ψ

368 3357 455 3399 vix
475 3357 623 3415 saltem
648 3356 962 3414 praecipiendum
994 3356 1181 3408 videtur,
1326 3373 1342 3399 1
1356 3373 1397 3411 5.
1418 3357 1595 3411 facilius
1610 3359 1829 3418 secundum
1855 3363 2075 3415 naturam]

367 3415 534 3457 eandem
553 3417 640 3457 vim
659 3415 798 3457 habet.
1264 3414 1356 3457 Sen.
1386 3414 1438 3458 de
1471 3416 1542 3458 Ira
1575 3432 1618 3467 2,
1644 3433 1708 3470 13.
1763 3418 1951 3462 Omnium
1979 3419 2101 3462 vir--

430 3487 499 3514 12.
544 3488 556 3513 1
584 3473 747 3525 credas]
779 3472 820 3512 Si
851 3471 959 3513 bona
986 3471 1067 3514 tibi
1100 3471 1180 3515 fide
1260 3479 1391 3514 tutum
1438 3473 1567 3515 tutela
1600 3474 1775 3528 facilior
1821 3476 1873 3533 est
1888 3495 1901 3519 .-
1961 3477 2077 3520 ‘vitia

366 3531 596 3588 persuaderi
614 3530 802 3587 patiaris,
825 3529 985 3572 beatam
1005 3535 1085 3572 non
1108 3528 1180 3574 effe
1260 3543 1406 3586 magno
1424 3529 1620 3576 coluntur.
1678 3533 1887 3577 Latissime
1905 3533 1981 3578 hoc
2000 3549 2074 3593 pa-
