<?xml version="1.0" encoding="UTF-8"?>
<!DOCTYPE html PUBLIC "-//W3C//DTD XHTML 1.0 Transitional//EN"
    "http://www.w3.org/TR/xhtml1/DTD/xhtml1-transitional.dtd">
<html xmlns="http://www.w3.org/1999/xhtml" xml:lang="en" lang="en">
 <head>
  <title>
</title>
<meta http-equiv="Content-Type" content="text/html;charset=utf-8" />
  <meta name='ocr-system' content='tesseract 3.04.00' />
  <meta name='ocr-capabilities' content='ocr_page ocr_carea ocr_par ocr_line ocrx_word'/>
</head>
<body>
  <div class='ocr_page' id='page_1' title='image "./deinstitutioneor02quinuoft_0250.png"; bbox 0 0 2320 4030; ppageno 0'>
   <div class='ocr_carea' id='block_1_1' title="bbox 353 328 1722 408">
    <p class='ocr_par' dir='ltr' id='par_1_1' title="bbox 353 328 1722 408">
     <span class='ocr_line' id='line_1_1' title="bbox 353 328 1722 408; baseline 0.001 -15"><span class='ocrx_word' id='word_1_1' title='bbox 353 337 448 408; x_wconf 51' lang='grc' dir='ltr'>ἰῇ</span> <span class='ocrx_word' id='word_1_2' title='bbox 692 328 819 391; x_wconf 67' lang='grc' dir='ltr'>ηἶΜ’.</span> <span class='ocrx_word' id='word_1_3' title='bbox 857 329 1063 392; x_wconf 75' lang='lat' dir='ltr'><strong>FABII</strong></span> <span class='ocrx_word' id='word_1_4' title='bbox 1101 333 1722 394; x_wconf 73' lang='lat' dir='ltr'><strong>QUINCTILIANI&#39;</strong></span> 
     </span>
    </p>
   </div>
   <div class='ocr_carea' id='block_1_2' title="bbox 355 474 2217 3067">
    <p class='ocr_par' dir='ltr' id='par_1_2' title="bbox 355 474 2217 3067">
     <span class='ocr_line' id='line_1_2' title="bbox 357 474 2092 554; baseline 0 -20"><span class='ocrx_word' id='word_1_5' title='bbox 357 477 431 537; x_wconf 74' lang='lat' dir='ltr'>ab.</span> <span class='ocrx_word' id='word_1_6' title='bbox 449 491 473 513; x_wconf 80' lang='lat'>¹¹</span> <span class='ocrx_word' id='word_1_7' title='bbox 496 479 628 554; x_wconf 81' lang='lat' dir='ltr'>ipso,</span> <span class='ocrx_word' id='word_1_8' title='bbox 652 478 731 534; x_wconf 82' lang='lat' dir='ltr'>fas</span> <span class='ocrx_word' id='word_1_9' title='bbox 757 474 892 534; x_wconf 81' lang='lat' dir='ltr'>effe:</span> <span class='ocrx_word' id='word_1_10' title='bbox 932 489 1172 534; x_wconf 85' lang='lat' dir='ltr'>ceterum</span> <span class='ocrx_word' id='word_1_11' title='bbox 1206 499 1273 534; x_wconf 84' lang='lat' dir='ltr'>ex</span> <span class='ocrx_word' id='word_1_12' title='bbox 1298 479 1489 544; x_wconf 81' lang='lat' dir='ltr'>cauffa,</span> <span class='ocrx_word' id='word_1_13' title='bbox 1515 490 1578 534; x_wconf 93' lang='lat' dir='ltr'>ut</span> <span class='ocrx_word' id='word_1_14' title='bbox 1614 483 1843 552; x_wconf 82' lang='lat' dir='ltr'>quaeque</span> <span class='ocrx_word' id='word_1_15' title='bbox 1869 480 2092 553; x_wconf 77' lang='lat' dir='ltr'>permit-</span> 
     </span>
     <span class='ocr_line' id='line_1_3' title="bbox 355 551 2173 624; baseline 0.001 -19"><span class='ocrx_word' id='word_1_16' title='bbox 355 553 581 616; x_wconf 48' lang='lat' dir='ltr'>&#39;tetsaut</span> <span class='ocrx_word' id='word_1_17' title='bbox 614 551 860 624; x_wconf 82' lang='lat' dir='ltr'>ignorata</span> <span class='ocrx_word' id='word_1_18' title='bbox 895 552 1164 624; x_wconf 72' lang='lat' dir='ltr'>quaedam,</span> <span class='ocrx_word' id='word_1_19' title='bbox 1203 563 1296 604; x_wconf 84' lang='lat' dir='ltr'>aut</span> <span class='ocrx_word' id='word_1_20' title='bbox 1329 551 1546 605; x_wconf 83' lang='lat' dir='ltr'>defuiffe</span> <span class='ocrx_word' id='word_1_21' title='bbox 1580 552 1755 616; x_wconf 79' lang='lat' dir='ltr'>testes,</span> <span class='ocrx_word' id='word_1_22' title='bbox 1793 565 1885 605; x_wconf 86' lang='lat' dir='ltr'>aut</span> <span class='ocrx_word' id='word_1_23' title='bbox 1925 554 2098 624; x_wconf 85' lang='lat' dir='ltr'>(quod</span> <span class='ocrx_word' id='word_1_24' title='bbox 2164 564 2173 571; x_wconf 80' lang='grc'>·’</span> 
     </span>
     <span class='ocr_line' id='line_1_4' title="bbox 359 619 2092 695; baseline 0 -19"><span class='ocrx_word' id='word_1_25' title='bbox 359 622 712 687; x_wconf 70' lang='lat' dir='ltr'>timidiffirne,</span> <span class='ocrx_word' id='word_1_26' title='bbox 745 632 801 676; x_wconf 92' lang='lat' dir='ltr'>et</span> <span class='ocrx_word' id='word_1_27' title='bbox 835 619 869 674; x_wconf 85' lang='lat' dir='ltr'>fi</span> <span class='ocrx_word' id='word_1_28' title='bbox 910 623 1048 675; x_wconf 80' lang='lat' dir='ltr'>nibil</span> <span class='ocrx_word' id='word_1_29' title='bbox 1089 623 1237 677; x_wconf 81' lang='lat' dir='ltr'>aliud</span> <span class='ocrx_word' id='word_1_30' title='bbox 1275 623 1432 695; x_wconf 87' lang='lat' dir='ltr'>plane</span> <span class='ocrx_word' id='word_1_31' title='bbox 1470 623 1649 689; x_wconf 87' lang='lat' dir='ltr'>fuerit,</span> <span class='ocrx_word' id='word_1_32' title='bbox 1675 622 1964 676; x_wconf 85' lang='lat' dir='ltr'>dicendum</span> <span class='ocrx_word' id='word_1_33' title='bbox 1999 625 2092 690; x_wconf 83' lang='lat' dir='ltr'>est)</span> 
     </span>
     <span class='ocr_line' id='line_1_5' title="bbox 359 693 2185 767; baseline 0 -20"><span class='ocrx_word' id='word_1_34' title='bbox 359 704 617 767; x_wconf 81' lang='lat' dir='ltr'>patronos</span> <span class='ocrx_word' id='word_1_35' title='bbox 669 713 774 746; x_wconf 86' lang='lat' dir='ltr'>non</span> <span class='ocrx_word' id='word_1_36' title='bbox 823 693 1119 748; x_wconf 70' lang='lat' dir='ltr'>satisfecisse</span> <span class='ocrx_word' id='word_1_37' title='bbox 1136 704 1178 761; x_wconf 85' lang='lat'>⁰,</span> <span class='ocrx_word' id='word_1_38' title='bbox 1228 693 1496 748; x_wconf 85' lang='lat' dir='ltr'><strong>succurret</strong></span> <span class='ocrx_word' id='word_1_39' title='bbox 1517 705 1561 748; x_wconf 77' lang='grc' dir='ltr'>Ρ.</span> <span class='ocrx_word' id='word_1_40' title='bbox 1652 694 1830 749; x_wconf 80' lang='lat' dir='ltr'>Etiam</span> <span class='ocrx_word' id='word_1_41' title='bbox 1876 696 1910 748; x_wconf 88' lang='lat' dir='ltr'>fi</span> <span class='ocrx_word' id='word_1_42' title='bbox 1953 695 2096 767; x_wconf 84' lang='lat' dir='ltr'>apud</span> <span class='ocrx_word' id='word_1_43' title='bbox 2119 697 2185 766; x_wconf 81' lang='lat'>78</span> 
     </span>
     <span class='ocr_line' id='line_1_6' title="bbox 361 764 2097 838; baseline -0.001 -19"><span class='ocrx_word' id='word_1_44' title='bbox 361 765 501 820; x_wconf 58' lang='lat' dir='ltr'>alios</span> <span class='ocrx_word' id='word_1_45' title='bbox 531 764 746 838; x_wconf 85' lang='lat' dir='ltr'>judices</span> <span class='ocrx_word' id='word_1_46' title='bbox 783 775 992 838; x_wconf 83' lang='lat' dir='ltr'>agetur,</span> <span class='ocrx_word' id='word_1_47' title='bbox 1017 775 1082 832; x_wconf 81' lang='lat' dir='ltr'>ut</span> <span class='ocrx_word' id='word_1_48' title='bbox 1115 765 1170 821; x_wconf 87' lang='lat' dir='ltr'>in</span> <span class='ocrx_word' id='word_1_49' title='bbox 1197 765 1427 819; x_wconf 85' lang='lat' dir='ltr'>secunda</span> <span class='ocrx_word' id='word_1_50' title='bbox 1449 765 1741 831; x_wconf 72' lang='lat' dir='ltr'>assertione,</span> <span class='ocrx_word' id='word_1_51' title='bbox 1768 779 1860 819; x_wconf 86' lang='lat' dir='ltr'>aut</span> <span class='ocrx_word' id='word_1_52' title='bbox 1887 766 1940 816; x_wconf 86' lang='lat' dir='ltr'>in</span> <span class='ocrx_word' id='word_1_53' title='bbox 1967 782 2097 825; x_wconf 57' lang='lat' dir='ltr'>cen-</span> 
     </span>
     <span class='ocr_line' id='line_1_7' title="bbox 362 836 2100 909; baseline -0.001 -18"><span class='ocrx_word' id='word_1_54' title='bbox 362 836 743 891; x_wconf 77' lang='lat' dir='ltr'>tumviralibus</span> <span class='ocrx_word' id='word_1_55' title='bbox 775 836 1015 908; x_wconf 81' lang='lat' dir='ltr'>judiciiS,</span> <span class='ocrx_word' id='word_1_56' title='bbox 1052 836 1377 909; x_wconf 82' lang='lat' dir='ltr'>duplicibuS,</span> <span class='ocrx_word' id='word_1_57' title='bbox 1421 848 1567 908; x_wconf 85' lang='lat' dir='ltr'>parte</span> <span class='ocrx_word' id='word_1_58' title='bbox 1614 837 1774 901; x_wconf 66' lang='lat' dir='ltr'>victa,</span> <span class='ocrx_word' id='word_1_59' title='bbox 1819 837 2100 890; x_wconf 75' lang='lat' dir='ltr'>deceiitius</span> 
     </span>
     <span class='ocr_line' id='line_1_8' title="bbox 365 906 2100 980; baseline -0.001 -19"><span class='ocrx_word' id='word_1_60' title='bbox 365 908 507 975; x_wconf 46' lang='grc' dir='ltr'>«ει-Ξῖ,</span> <span class='ocrx_word' id='word_1_61' title='bbox 527 908 739 980; x_wconf 86' lang='lat' dir='ltr'>quoties</span> <span class='ocrx_word' id='word_1_62' title='bbox 776 906 1067 980; x_wconf 86' lang='lat' dir='ltr'>contigerit</span> <span class='ocrx_word' id='word_1_63' title='bbox 1082 917 1126 974; x_wconf 67' lang='lat' dir='ltr'>q,</span> <span class='ocrx_word' id='word_1_64' title='bbox 1151 908 1353 961; x_wconf 84' lang='lat' dir='ltr'>servare</span> <span class='ocrx_word' id='word_1_65' title='bbox 1382 907 1632 979; x_wconf 85' lang='lat' dir='ltr'>judicum</span> <span class='ocrx_word' id='word_1_66' title='bbox 1674 908 1934 980; x_wconf 89' lang='lat' dir='ltr'>pudorem</span> <span class='ocrx_word' id='word_1_67' title='bbox 1960 929 1972 960; x_wconf 75' lang='grc' dir='ltr'><strong>ε</strong></span> <span class='ocrx_word' id='word_1_68' title='bbox 2030 907 2100 960; x_wconf 87' lang='lat' dir='ltr'>de</span> 
     </span>
     <span class='ocr_line' id='line_1_9' title="bbox 368 978 2103 1052; baseline -0.001 -20"><span class='ocrx_word' id='word_1_69' title='bbox 368 998 478 1051; x_wconf 86' lang='lat' dir='ltr'>qua</span> <span class='ocrx_word' id='word_1_70' title='bbox 513 998 570 1032; x_wconf 86' lang='lat' dir='ltr'>re</span> <span class='ocrx_word' id='word_1_71' title='bbox 609 979 770 1032; x_wconf 86' lang='lat' dir='ltr'>latius</span> <span class='ocrx_word' id='word_1_72' title='bbox 806 978 902 1031; x_wconf 61' lang='lat' dir='ltr'>inf</span> <span class='ocrx_word' id='word_1_73' title='bbox 943 979 1321 1052; x_wconf 85' lang='lat' dir='ltr'>probationum</span> <span class='ocrx_word' id='word_1_74' title='bbox 1361 979 1480 1031; x_wconf 88' lang='lat' dir='ltr'>loco</span> <span class='ocrx_word' id='word_1_75' title='bbox 1517 979 1724 1033; x_wconf 64' lang='lat' dir='ltr'>dietum</span> <span class='ocrx_word' id='word_1_76' title='bbox 1767 980 1856 1032; x_wconf 87' lang='lat' dir='ltr'>est.</span> <span class='ocrx_word' id='word_1_77' title='bbox 1932 980 2103 1032; x_wconf 89' lang='lat' dir='ltr'>Potest</span> 
     </span>
     <span class='ocr_line' id='line_1_10' title="bbox 369 1048 2101 1123; baseline -0.001 -19"><span class='ocrx_word' id='word_1_78' title='bbox 369 1051 601 1116; x_wconf 84' lang='lat' dir='ltr'>evenire,</span> <span class='ocrx_word' id='word_1_79' title='bbox 637 1061 697 1104; x_wconf 89' lang='lat' dir='ltr'>ut</span> <span class='ocrx_word' id='word_1_80' title='bbox 736 1050 791 1102; x_wconf 87' lang='lat' dir='ltr'>in</span> <span class='ocrx_word' id='word_1_81' title='bbox 832 1048 951 1103; x_wconf 84' lang='lat' dir='ltr'>aliis</span> <span class='ocrx_word' id='word_1_82' title='bbox 989 1050 1427 1123; x_wconf 83' lang='lat' dir='ltr'>reprehendenda</span> <span class='ocrx_word' id='word_1_83' title='bbox 1462 1051 1579 1114; x_wconf 64' lang='lat' dir='ltr'>suu,</span> <span class='ocrx_word' id='word_1_84' title='bbox 1616 1069 1736 1122; x_wconf 82' lang='lat' dir='ltr'>quae</span> <span class='ocrx_word' id='word_1_85' title='bbox 1775 1051 1866 1122; x_wconf 85' lang='lat' dir='ltr'>ipfi</span> <span class='ocrx_word' id='word_1_86' title='bbox 1911 1049 2101 1103; x_wconf 87' lang='lat' dir='ltr'>feceri-</span> 
     </span>
     <span class='ocr_line' id='line_1_11' title="bbox 369 1120 2101 1194; baseline -0.001 -18"><span class='ocrx_word' id='word_1_87' title='bbox 369 1141 529 1176; x_wconf 86' lang='lat' dir='ltr'>mus:</span> <span class='ocrx_word' id='word_1_88' title='bbox 573 1132 636 1176; x_wconf 87' lang='lat' dir='ltr'>ut</span> <span class='ocrx_word' id='word_1_89' title='bbox 673 1120 862 1193; x_wconf 88' lang='lat' dir='ltr'>objicit</span> <span class='ocrx_word' id='word_1_90' title='bbox 899 1122 1122 1176; x_wconf 87' lang='lat' dir='ltr'>Tubero</span> <span class='ocrx_word' id='word_1_91' title='bbox 1158 1121 1395 1194; x_wconf 83' lang='lat' dir='ltr'>LigariO,</span> <span class='ocrx_word' id='word_1_92' title='bbox 1437 1123 1572 1193; x_wconf 79' lang='lat' dir='ltr'>quod</span> <span class='ocrx_word' id='word_1_93' title='bbox 1612 1123 1665 1174; x_wconf 82' lang='lat' dir='ltr'>in</span> <span class='ocrx_word' id='word_1_94' title='bbox 1705 1121 1889 1194; x_wconf 83' lang='lat' dir='ltr'>Africa</span> <span class='ocrx_word' id='word_1_95' title='bbox 1909 1121 2101 1194; x_wconf 71' lang='lat' dir='ltr'>fuerit.</span> 
     </span>
     <span class='ocr_line' id='line_1_12' title="bbox 370 1191 2195 1264; baseline -0.001 -17"><span class='ocrx_word' id='word_1_96' title='bbox 370 1195 444 1247; x_wconf 87' lang='lat' dir='ltr'>Et</span> <span class='ocrx_word' id='word_1_97' title='bbox 480 1193 750 1263; x_wconf 74' lang='lat' dir='ltr'>ambitus⁸</span> <span class='ocrx_word' id='word_1_98' title='bbox 787 1192 1036 1264; x_wconf 77' lang='lat' dir='ltr'>quidamt</span> <span class='ocrx_word' id='word_1_99' title='bbox 1077 1193 1336 1259; x_wconf 87' lang='lat' dir='ltr'>damnati,</span> <span class='ocrx_word' id='word_1_100' title='bbox 1381 1191 1750 1264; x_wconf 72' lang='lat' dir='ltr'>recuperandae</span> <span class='ocrx_word' id='word_1_101' title='bbox 1786 1193 2103 1264; x_wconf 83' lang='lat' dir='ltr'>dignitatisu</span> <span class='ocrx_word' id='word_1_102' title='bbox 2129 1206 2195 1264; x_wconf 84' lang='lat'>79</span> 
     </span>
     <span class='ocr_line' id='line_1_13' title="bbox 367 1262 2106 1338; baseline -0.002 -19"><span class='ocrx_word' id='word_1_103' title='bbox 367 1266 548 1338; x_wconf 26' lang='lat' dir='ltr'>‚gratia</span> <span class='ocrx_word' id='word_1_104' title='bbox 594 1283 714 1318; x_wconf 85' lang='lat' dir='ltr'>reos</span> <span class='ocrx_word' id='word_1_105' title='bbox 755 1262 988 1336; x_wconf 88' lang='lat' dir='ltr'>ejusdem</span> <span class='ocrx_word' id='word_1_106' title='bbox 1042 1264 1278 1317; x_wconf 86' lang='lat' dir='ltr'>criminis</span> <span class='ocrx_word' id='word_1_107' title='bbox 1325 1263 1654 1329; x_wconf 85' lang='lat' dir='ltr'>detulerunt,</span> <span class='ocrx_word' id='word_1_108' title='bbox 1699 1275 1764 1317; x_wconf 89' lang='lat' dir='ltr'>ut</span> <span class='ocrx_word' id='word_1_109' title='bbox 1810 1264 1866 1316; x_wconf 87' lang='lat' dir='ltr'>in</span> <span class='ocrx_word' id='word_1_110' title='bbox 1914 1263 2106 1318; x_wconf 84' lang='lat' dir='ltr'>scholis</span> 
     </span>
     <span class='ocr_line' id='line_1_14' title="bbox 372 1333 2108 1408; baseline -0.001 -17"><span class='ocrx_word' id='word_1_111' title='bbox 372 1337 735 1391; x_wconf 82' lang='lat' dir='ltr'><strong>luxuriantem</strong></span> <span class='ocrx_word' id='word_1_112' title='bbox 775 1347 981 1408; x_wconf 87' lang='lat' dir='ltr'>patrem</span> <span class='ocrx_word' id='word_1_113' title='bbox 1018 1335 1317 1389; x_wconf 82' lang='lat' dir='ltr'>luxuriosus</span> <span class='ocrx_word' id='word_1_114' title='bbox 1355 1335 1461 1408; x_wconf 85' lang='lat' dir='ltr'>ipse</span> <span class='ocrx_word' id='word_1_115' title='bbox 1493 1334 1707 1407; x_wconf 85' lang='lat' dir='ltr'>juvenis</span> <span class='ocrx_word' id='word_1_116' title='bbox 1739 1333 1964 1388; x_wconf 88' lang='lat' dir='ltr'>accusat.</span> <span class='ocrx_word' id='word_1_117' title='bbox 2041 1335 2108 1391; x_wconf 83' lang='lat' dir='ltr'>Id</span> 
     </span>
     <span class='ocr_line' id='line_1_15' title="bbox 373 1407 2105 1480; baseline -0.002 -17"><span class='ocrx_word' id='word_1_118' title='bbox 373 1428 535 1480; x_wconf 86' lang='lat' dir='ltr'>quam</span> <span class='ocrx_word' id='word_1_119' title='bbox 571 1408 825 1461; x_wconf 88' lang='lat' dir='ltr'>decenter</span> <span class='ocrx_word' id='word_1_120' title='bbox 851 1407 962 1460; x_wconf 86' lang='lat' dir='ltr'>fieri</span> <span class='ocrx_word' id='word_1_121' title='bbox 994 1407 1164 1479; x_wconf 84' lang='lat' dir='ltr'>poffit,</span> <span class='ocrx_word' id='word_1_122' title='bbox 1190 1407 1442 1478; x_wconf 79' lang='lat' dir='ltr'><strong>equidem</strong></span> <span class='ocrx_word' id='word_1_123' title='bbox 1471 1425 1577 1458; x_wconf 92' lang='lat' dir='ltr'>non</span> <span class='ocrx_word' id='word_1_124' title='bbox 1614 1407 1850 1472; x_wconf 81' lang='lat' dir='ltr'>invenie,</span> <span class='ocrx_word' id='word_1_125' title='bbox 1879 1407 1968 1460; x_wconf 81' lang='lat' dir='ltr'>n-ifi</span> <span class='ocrx_word' id='word_1_126' title='bbox 2007 1407 2105 1460; x_wconf 85' lang='lat' dir='ltr'>ali-</span> 
     </span>
     <span class='ocr_line' id='line_1_16' title="bbox 375 1478 2105 1552; baseline -0.002 -19"><span class='ocrx_word' id='word_1_127' title='bbox 375 1479 508 1552; x_wconf 90' lang='lat' dir='ltr'>quid</span> <span class='ocrx_word' id='word_1_128' title='bbox 533 1491 553 1514; x_wconf 77' lang='lat'>¹</span> <span class='ocrx_word' id='word_1_129' title='bbox 605 1479 910 1550; x_wconf 80' lang='lat' dir='ltr'>reperiatur,</span> <span class='ocrx_word' id='word_1_130' title='bbox 957 1478 1103 1550; x_wconf 89' lang='lat' dir='ltr'>quod</span> <span class='ocrx_word' id='word_1_131' title='bbox 1151 1478 1369 1543; x_wconf 87' lang='lat' dir='ltr'>interfit,</span> <span class='ocrx_word' id='word_1_132' title='bbox 1422 1479 1648 1551; x_wconf 66' lang='lat' dir='ltr'>persona,</span> <span class='ocrx_word' id='word_1_133' title='bbox 1698 1490 1845 1544; x_wconf 72' lang='lat' dir='ltr'><em>aetaS,</em></span> <span class='ocrx_word' id='word_1_134' title='bbox 1900 1489 2105 1551; x_wconf 80' lang='lat' dir='ltr'>tempus,</span> 
     </span>
     <span class='ocr_line' id='line_1_17' title="bbox 376 1549 2203 1624; baseline -0.001 -19"><span class='ocrx_word' id='word_1_135' title='bbox 376 1552 563 1624; x_wconf 65' lang='lat' dir='ltr'>cauſjb,</span> <span class='ocrx_word' id='word_1_136' title='bbox 604 1551 753 1616; x_wconf 67' lang='lat' dir='ltr'>loczm,</span> <span class='ocrx_word' id='word_1_137' title='bbox 797 1550 1011 1606; x_wconf 81' lang='lat' dir='ltr'>animus,</span> <span class='ocrx_word' id='word_1_138' title='bbox 1082 1551 1303 1603; x_wconf 85' lang='lat' dir='ltr'>Tubero</span> <span class='ocrx_word' id='word_1_139' title='bbox 1337 1549 1592 1622; x_wconf 85' lang='lat' dir='ltr'>juvenem</span> <span class='ocrx_word' id='word_1_140' title='bbox 1629 1549 1682 1601; x_wconf 86' lang='lat' dir='ltr'>se</span> <span class='ocrx_word' id='word_1_141' title='bbox 1718 1551 1857 1622; x_wconf 86' lang='lat' dir='ltr'>patri</span> <span class='ocrx_word' id='word_1_142' title='bbox 1893 1550 2107 1617; x_wconf 83' lang='lat' dir='ltr'>haefiffe,</span> <span class='ocrx_word' id='word_1_143' title='bbox 2133 1551 2203 1604; x_wconf 87' lang='lat'>80</span> 
     </span>
     <span class='ocr_line' id='line_1_18' title="bbox 374 1621 2110 1687; baseline -0.001 -11"><span class='ocrx_word' id='word_1_144' title='bbox 374 1622 530 1677; x_wconf 82' lang='lat' dir='ltr'>illum</span> <span class='ocrx_word' id='word_1_145' title='bbox 569 1642 600 1675; x_wconf 86' lang='lat' dir='ltr'>a</span> <span class='ocrx_word' id='word_1_146' title='bbox 635 1623 815 1676; x_wconf 88' lang='lat' dir='ltr'>senatu</span> <span class='ocrx_word' id='word_1_147' title='bbox 841 1621 1048 1675; x_wconf 83' lang='lat' dir='ltr'>miffum</span> <span class='ocrx_word' id='word_1_148' title='bbox 1079 1640 1186 1674; x_wconf 91' lang='lat' dir='ltr'>non</span> <span class='ocrx_word' id='word_1_149' title='bbox 1213 1621 1279 1674; x_wconf 86' lang='lat' dir='ltr'>ad</span> <span class='ocrx_word' id='word_1_150' title='bbox 1306 1621 1527 1687; x_wconf 84' lang='lat' dir='ltr'>bellum,</span> <span class='ocrx_word' id='word_1_151' title='bbox 1554 1622 1640 1674; x_wconf 88' lang='lat' dir='ltr'>sed</span> <span class='ocrx_word' id='word_1_152' title='bbox 1677 1623 1743 1675; x_wconf 88' lang='lat' dir='ltr'>ad</span> <span class='ocrx_word' id='word_1_153' title='bbox 1778 1622 2110 1676; x_wconf 87' lang='lat' dir='ltr'>frumentum</span> 
     </span>
     <span class='ocr_line' id='line_1_19' title="bbox 377 1692 2108 1765; baseline -0.002 -16"><span class='ocrx_word' id='word_1_154' title='bbox 377 1694 734 1749; x_wconf 82' lang='lat' dir='ltr'>coemendum</span> <span class='ocrx_word' id='word_1_155' title='bbox 765 1694 858 1758; x_wconf 82' lang='lat' dir='ltr'>ait,</span> <span class='ocrx_word' id='word_1_156' title='bbox 885 1704 947 1746; x_wconf 90' lang='lat' dir='ltr'>ut</span> <span class='ocrx_word' id='word_1_157' title='bbox 972 1693 1205 1765; x_wconf 88' lang='lat' dir='ltr'>primum</span> <span class='ocrx_word' id='word_1_158' title='bbox 1230 1692 1461 1759; x_wconf 85' lang='lat' dir='ltr'>licuerit,</span> <span class='ocrx_word' id='word_1_159' title='bbox 1487 1712 1519 1746; x_wconf 86' lang='lat' dir='ltr'>a</span> <span class='ocrx_word' id='word_1_160' title='bbox 1553 1693 1790 1764; x_wconf 83' lang='lat' dir='ltr'>partibus</span> <span class='ocrx_word' id='word_1_161' title='bbox 1825 1693 2071 1747; x_wconf 84' lang='lat' dir='ltr'>receffiffe</span> <span class='ocrx_word' id='word_1_162' title='bbox 2091 1713 2108 1746; x_wconf 74' lang='lat' dir='ltr'>t</span> 
     </span>
     <span class='ocr_line' id='line_1_20' title="bbox 376 1764 2113 1838; baseline 0 -20"><span class='ocrx_word' id='word_1_163' title='bbox 376 1766 656 1838; x_wconf 84' lang='lat' dir='ltr'>Ligarium</span> <span class='ocrx_word' id='word_1_164' title='bbox 693 1775 750 1818; x_wconf 89' lang='lat' dir='ltr'>et</span> <span class='ocrx_word' id='word_1_165' title='bbox 784 1764 1139 1836; x_wconf 84' lang='lat' dir='ltr'>perseveraffe‚</span> <span class='ocrx_word' id='word_1_166' title='bbox 1165 1775 1222 1817; x_wconf 89' lang='lat' dir='ltr'>et</span> <span class='ocrx_word' id='word_1_167' title='bbox 1256 1782 1363 1816; x_wconf 88' lang='lat' dir='ltr'>non</span> <span class='ocrx_word' id='word_1_168' title='bbox 1399 1783 1493 1835; x_wconf 88' lang='lat' dir='ltr'>pro</span> <span class='ocrx_word' id='word_1_169' title='bbox 1532 1766 1636 1819; x_wconf 86' lang='lat' dir='ltr'>Cn.</span> <span class='ocrx_word' id='word_1_170' title='bbox 1675 1766 1948 1838; x_wconf 87' lang='lat' dir='ltr'>Pompei0‚</span> <span class='ocrx_word' id='word_1_171' title='bbox 1972 1766 2113 1819; x_wconf 83' lang='lat' dir='ltr'>inter</span> 
     </span>
     <span class='ocr_line' id='line_1_21' title="bbox 377 1835 2126 1910; baseline -0.001 -19"><span class='ocrx_word' id='word_1_172' title='bbox 377 1857 542 1910; x_wconf 78' lang='lat' dir='ltr'>quem</span> <span class='ocrx_word' id='word_1_173' title='bbox 567 1848 624 1889; x_wconf 87' lang='lat' dir='ltr'>et</span> <span class='ocrx_word' id='word_1_174' title='bbox 648 1836 908 1890; x_wconf 83' lang='lat' dir='ltr'>Caesarem</span> <span class='ocrx_word' id='word_1_175' title='bbox 936 1835 1225 1909; x_wconf 66' lang='lat' dir='ltr'>dignitatis⁴</span> <span class='ocrx_word' id='word_1_176' title='bbox 1246 1835 1407 1888; x_wconf 83' lang='lat' dir='ltr'>fuerit</span> <span class='ocrx_word' id='word_1_177' title='bbox 1431 1836 1726 1903; x_wconf 88' lang='lat' dir='ltr'>contenti0‚</span> <span class='ocrx_word' id='word_1_178' title='bbox 1752 1855 1880 1890; x_wconf 88' lang='lat' dir='ltr'>cum</span> <span class='ocrx_word' id='word_1_179' title='bbox 1917 1837 2126 1890; x_wconf 79' lang='lat' dir='ltr'>salvam</span> 
     </span>
     <span class='ocr_line' id='line_1_22' title="bbox 378 1906 2113 1991; baseline 0 -29"><span class='ocrx_word' id='word_1_180' title='bbox 378 1923 608 1991; x_wconf 76' lang='lat' dir='ltr'>uterque</span> <span class='ocrx_word' id='word_1_181' title='bbox 628 1918 651 1941; x_wconf 79' lang='lat'><strong>²</strong></span> <span class='ocrx_word' id='word_1_182' title='bbox 684 1907 1073 1979; x_wconf 85' lang='lat' dir='ltr'>rempublicam</span> <span class='ocrx_word' id='word_1_183' title='bbox 1111 1906 1293 1974; x_wconf 89' lang='lat' dir='ltr'>vellet,</span> <span class='ocrx_word' id='word_1_184' title='bbox 1330 1907 1418 1960; x_wconf 86' lang='lat' dir='ltr'>sed</span> <span class='ocrx_word' id='word_1_185' title='bbox 1451 1926 1548 1978; x_wconf 86' lang='lat' dir='ltr'>pro</span> <span class='ocrx_word' id='word_1_186' title='bbox 1583 1909 1616 1961; x_wconf 84' lang='lat' dir='ltr'><strong>J</strong></span> <span class='ocrx_word' id='word_1_187' title='bbox 1621 1910 1725 1962; x_wconf 86' lang='lat' dir='ltr'>uba</span> <span class='ocrx_word' id='word_1_188' title='bbox 1765 1913 1930 1981; x_wconf 74' lang='lat' dir='ltr'>atque</span> <span class='ocrx_word' id='word_1_189' title='bbox 1966 1907 2113 1962; x_wconf 87' lang='lat' dir='ltr'>Afris</span> 
     </span>
     <span class='ocr_line' id='line_1_23' title="bbox 380 1978 2200 2051; baseline -0.001 -17"><span class='ocrx_word' id='word_1_190' title='bbox 380 1979 751 2035; x_wconf 73' lang='lat' dir='ltr'>inimiciffimis</span> <span class='ocrx_word' id='word_1_191' title='bbox 791 1979 995 2051; x_wconf 85' lang='lat' dir='ltr'>populo</span> <span class='ocrx_word' id='word_1_192' title='bbox 1040 1980 1287 2034; x_wconf 84' lang='lat' dir='ltr'>Romano</span> <span class='ocrx_word' id='word_1_193' title='bbox 1326 1978 1528 2032; x_wconf 86' lang='lat' dir='ltr'>stetiffe.</span> <span class='ocrx_word' id='word_1_194' title='bbox 1606 1981 1864 2034; x_wconf 86' lang='lat' dir='ltr'>Ceterum</span> <span class='ocrx_word' id='word_1_195' title='bbox 1902 1981 2003 2034; x_wconf 83' lang='lat' dir='ltr'>vel-</span> <span class='ocrx_word' id='word_1_196' title='bbox 2031 1979 2111 2033; x_wconf 85' lang='lat' dir='ltr'>fa·</span> <span class='ocrx_word' id='word_1_197' title='bbox 2139 1981 2200 2032; x_wconf 87' lang='lat'>81</span> 
     </span>
     <span class='ocr_line' id='line_1_24' title="bbox 378 2050 2116 2123; baseline -0.002 -17"><span class='ocrx_word' id='word_1_198' title='bbox 378 2052 646 2106; x_wconf 87' lang='lat' dir='ltr'>cillimum</span> <span class='ocrx_word' id='word_1_199' title='bbox 689 2052 780 2116; x_wconf 90' lang='lat' dir='ltr'>est,</span> <span class='ocrx_word' id='word_1_200' title='bbox 824 2051 899 2104; x_wconf 89' lang='lat' dir='ltr'>ibi</span> <span class='ocrx_word' id='word_1_201' title='bbox 939 2050 1168 2104; x_wconf 84' lang='lat' dir='ltr'>alienam</span> <span class='ocrx_word' id='word_1_202' title='bbox 1206 2050 1417 2123; x_wconf 79' lang='lat' dir='ltr'>culpam</span> <span class='ocrx_word' id='word_1_203' title='bbox 1456 2051 1696 2104; x_wconf 83' lang='lat' dir='ltr'>accusare</span> <span class='ocrx_word' id='word_1_204' title='bbox 1716 2064 1756 2117; x_wconf 79' lang='lat'>²,</span> <span class='ocrx_word' id='word_1_205' title='bbox 1797 2051 1892 2104; x_wconf 91' lang='lat' dir='ltr'>ubi</span> <span class='ocrx_word' id='word_1_206' title='bbox 1932 2051 2116 2104; x_wconf 85' lang='lat' dir='ltr'>fateris</span> 
     </span>
     <span class='ocr_line' id='line_1_25' title="bbox 379 2121 2115 2194; baseline -0.002 -16"><span class='ocrx_word' id='word_1_207' title='bbox 379 2137 550 2178; x_wconf 84' lang='lat' dir='ltr'>tuam.</span> <span class='ocrx_word' id='word_1_208' title='bbox 625 2123 829 2177; x_wconf 89' lang='lat' dir='ltr'>Verum</span> <span class='ocrx_word' id='word_1_209' title='bbox 867 2122 922 2175; x_wconf 88' lang='lat' dir='ltr'>id</span> <span class='ocrx_word' id='word_1_210' title='bbox 949 2122 1062 2194; x_wconf 83' lang='lat' dir='ltr'>jam</span> <span class='ocrx_word' id='word_1_211' title='bbox 1093 2121 1298 2194; x_wconf 80' lang='lat' dir='ltr'>judicis</span> <span class='ocrx_word' id='word_1_212' title='bbox 1332 2122 1420 2188; x_wconf 81' lang='lat' dir='ltr'>est,</span> <span class='ocrx_word' id='word_1_213' title='bbox 1449 2141 1555 2175; x_wconf 88' lang='lat' dir='ltr'>non</span> <span class='ocrx_word' id='word_1_214' title='bbox 1592 2123 1804 2177; x_wconf 72' lang='grc' dir='ltr'>ειᾶὶοτὶε.</span> <span class='ocrx_word' id='word_1_215' title='bbox 1868 2123 2043 2179; x_wconf 65' lang='lat' dir='ltr'>Quod</span> <span class='ocrx_word' id='word_1_216' title='bbox 2073 2123 2115 2175; x_wconf 81' lang='lat' dir='ltr'>·s1</span> 
     </span>
     <span class='ocr_line' id='line_1_26' title="bbox 383 2194 2114 2267; baseline -0.001 -18"><span class='ocrx_word' id='word_1_217' title='bbox 383 2196 535 2249; x_wconf 85' lang='lat' dir='ltr'>nulla</span> <span class='ocrx_word' id='word_1_218' title='bbox 554 2194 829 2267; x_wconf 86' lang='lat' dir='ltr'>contingit</span> <span class='ocrx_word' id='word_1_219' title='bbox 854 2194 1142 2260; x_wconf 83' lang='lat' dir='ltr'>excusatiO,</span> <span class='ocrx_word' id='word_1_220' title='bbox 1167 2194 1274 2247; x_wconf 83' lang='lat' dir='ltr'>sola</span> <span class='ocrx_word' id='word_1_221' title='bbox 1309 2194 1542 2247; x_wconf 84' lang='lat' dir='ltr'>colorem</span> <span class='ocrx_word' id='word_1_222' title='bbox 1580 2194 1748 2248; x_wconf 86' lang='lat' dir='ltr'>habet</span> <span class='ocrx_word' id='word_1_223' title='bbox 1781 2195 2114 2267; x_wconf 54' lang='lat' dir='ltr'>poenitentia.</span> 
     </span>
     <span class='ocr_line' id='line_1_27' title="bbox 385 2264 2117 2338; baseline -0.002 -16"><span class='ocrx_word' id='word_1_224' title='bbox 385 2267 558 2322; x_wconf 80' lang='lat' dir='ltr'>Potest</span> <span class='ocrx_word' id='word_1_225' title='bbox 581 2267 726 2321; x_wconf 83' lang='lat' dir='ltr'>enim</span> <span class='ocrx_word' id='word_1_226' title='bbox 756 2264 920 2320; x_wconf 84' lang='lat' dir='ltr'>videri</span> <span class='ocrx_word' id='word_1_227' title='bbox 949 2265 1069 2320; x_wconf 85' lang='lat' dir='ltr'>satis</span> <span class='ocrx_word' id='word_1_228' title='bbox 1104 2265 1440 2331; x_wconf 79' lang='lat' dir='ltr'>emendatus,</span> <span class='ocrx_word' id='word_1_229' title='bbox 1465 2266 1559 2338; x_wconf 88' lang='lat' dir='ltr'>qui</span> <span class='ocrx_word' id='word_1_230' title='bbox 1595 2266 1650 2318; x_wconf 88' lang='lat' dir='ltr'>in</span> <span class='ocrx_word' id='word_1_231' title='bbox 1688 2266 1872 2326; x_wconf 84' lang='lat' dir='ltr'>odium</span> <span class='ocrx_word' id='word_1_232' title='bbox 1910 2285 2117 2331; x_wconf 83' lang='lat' dir='ltr'>eorum,</span> 
     </span>
     <span class='ocr_line' id='line_1_28' title="bbox 385 2337 2212 2411; baseline 0.001 -19"><span class='ocrx_word' id='word_1_233' title='bbox 385 2341 442 2392; x_wconf 85' lang='lat' dir='ltr'>in</span> <span class='ocrx_word' id='word_1_234' title='bbox 481 2339 680 2411; x_wconf 82' lang='lat' dir='ltr'>quibus</span> <span class='ocrx_word' id='word_1_235' title='bbox 716 2349 995 2404; x_wconf 86' lang='lat' dir='ltr'>erraverat,</span> <span class='ocrx_word' id='word_1_236' title='bbox 1020 2337 1128 2410; x_wconf 87' lang='lat' dir='ltr'>ipse</span> <span class='ocrx_word' id='word_1_237' title='bbox 1166 2337 1444 2390; x_wconf 87' lang='lat' dir='ltr'>conversus</span> <span class='ocrx_word' id='word_1_238' title='bbox 1483 2339 1572 2390; x_wconf 86' lang='lat' dir='ltr'>est.</span> <span class='ocrx_word' id='word_1_239' title='bbox 1647 2339 1786 2391; x_wconf 89' lang='lat' dir='ltr'>Sunt</span> <span class='ocrx_word' id='word_1_240' title='bbox 1815 2339 1960 2391; x_wconf 84' lang='lat' dir='ltr'>enim</span> <span class='ocrx_word' id='word_1_241' title='bbox 2000 2338 2119 2410; x_wconf 88' lang='lat' dir='ltr'>qui-</span> <span class='ocrx_word' id='word_1_242' title='bbox 2143 2338 2212 2393; x_wconf 74' lang='lat'>82</span> 
     </span>
     <span class='ocr_line' id='line_1_29' title="bbox 387 2407 2123 2482; baseline -0.002 -18"><span class='ocrx_word' id='word_1_243' title='bbox 387 2411 532 2479; x_wconf 79' lang='lat' dir='ltr'>dam,</span> <span class='ocrx_word' id='word_1_244' title='bbox 567 2410 663 2482; x_wconf 88' lang='lat' dir='ltr'>qui</span> <span class='ocrx_word' id='word_1_245' title='bbox 701 2409 806 2463; x_wconf 89' lang='lat' dir='ltr'>hoc</span> <span class='ocrx_word' id='word_1_246' title='bbox 846 2419 1034 2462; x_wconf 85' lang='lat' dir='ltr'>natura</span> <span class='ocrx_word' id='word_1_247' title='bbox 1074 2407 1182 2481; x_wconf 86' lang='lat' dir='ltr'>ipsa</span> <span class='ocrx_word' id='word_1_248' title='bbox 1221 2409 1298 2462; x_wconf 89' lang='lat' dir='ltr'>rei</span> <span class='ocrx_word' id='word_1_249' title='bbox 1343 2411 1449 2463; x_wconf 84' lang='lat' dir='ltr'>non</span> <span class='ocrx_word' id='word_1_250' title='bbox 1490 2408 1745 2462; x_wconf 86' lang='lat' dir='ltr'>indecens</span> <span class='ocrx_word' id='word_1_251' title='bbox 1777 2409 2020 2463; x_wconf 82' lang='lat' dir='ltr'>faciunt:</span> <span class='ocrx_word' id='word_1_252' title='bbox 2059 2422 2123 2462; x_wconf 87' lang='lat' dir='ltr'>ut</span> 
     </span>
     <span class='ocr_line' id='line_1_30' title="bbox 387 2479 2120 2554; baseline -0.001 -19"><span class='ocrx_word' id='word_1_253' title='bbox 387 2502 514 2536; x_wconf 82' lang='lat' dir='ltr'>cum</span> <span class='ocrx_word' id='word_1_254' title='bbox 553 2492 703 2554; x_wconf 77' lang='lat' dir='ltr'>pater</span> <span class='ocrx_word' id='word_1_255' title='bbox 733 2482 844 2534; x_wconf 72' lang='lat' dir='ltr'>exb</span> <span class='ocrx_word' id='word_1_256' title='bbox 884 2480 1161 2538; x_wconf 77' lang='lat' dir='ltr'>meretrice</span> <span class='ocrx_word' id='word_1_257' title='bbox 1195 2491 1400 2546; x_wconf 82' lang='lat' dir='ltr'>natum,</span> <span class='ocrx_word' id='word_1_258' title='bbox 1426 2479 1575 2552; x_wconf 89' lang='lat' dir='ltr'>quod</span> <span class='ocrx_word' id='word_1_259' title='bbox 1609 2491 1753 2537; x_wconf 83' lang='lat' dir='ltr'>amet</span> <span class='ocrx_word' id='word_1_260' title='bbox 1783 2481 2120 2536; x_wconf 83' lang='lat' dir='ltr'>meretricem</span> 
     </span>
     <span class='ocr_line' id='line_1_31' title="bbox 388 2551 2121 2621; baseline -0.002 -13"><span class='ocrx_word' id='word_1_261' title='bbox 388 2557 447 2609; x_wconf 84' lang='lat' dir='ltr'>in</span> <span class='ocrx_word' id='word_1_262' title='bbox 486 2552 1166 2620; x_wconf 79' lang='lat' dir='ltr'>matrimonium‚·abdicat.</span> <span class='ocrx_word' id='word_1_263' title='bbox 1241 2551 1559 2605; x_wconf 82' lang='lat' dir='ltr'>Scholastica</span> <span class='ocrx_word' id='word_1_264' title='bbox 1594 2552 1832 2616; x_wconf 83' lang='lat' dir='ltr'>materia,</span> <span class='ocrx_word' id='word_1_265' title='bbox 1866 2552 1951 2605; x_wconf 87' lang='lat' dir='ltr'>sed</span> <span class='ocrx_word' id='word_1_266' title='bbox 1992 2571 2121 2621; x_wconf 80' lang='lat' dir='ltr'>non,</span> 
     </span>
     <span class='ocr_line' id='line_1_32' title="bbox 391 2623 2122 2699; baseline -0.002 -20"><span class='ocrx_word' id='word_1_267' title='bbox 391 2645 513 2699; x_wconf 83' lang='lat' dir='ltr'>quae</span> <span class='ocrx_word' id='word_1_268' title='bbox 540 2644 645 2678; x_wconf 86' lang='lat' dir='ltr'>non</span> <span class='ocrx_word' id='word_1_269' title='bbox 673 2625 827 2698; x_wconf 85' lang='lat' dir='ltr'>poffit</span> <span class='ocrx_word' id='word_1_270' title='bbox 856 2623 1113 2678; x_wconf 85' lang='lat' dir='ltr'>accidere.</span> <span class='ocrx_word' id='word_1_271' title='bbox 1193 2624 1303 2688; x_wconf 85' lang='lat' dir='ltr'>Hic</span> <span class='ocrx_word' id='word_1_272' title='bbox 1329 2623 1497 2696; x_wconf 86' lang='lat' dir='ltr'>igitur</span> <span class='ocrx_word' id='word_1_273' title='bbox 1521 2624 1695 2676; x_wconf 80' lang='lat' dir='ltr'>multa</span> <span class='ocrx_word' id='word_1_274' title='bbox 1729 2643 1836 2677; x_wconf 89' lang='lat' dir='ltr'>non</span> <span class='ocrx_word' id='word_1_275' title='bbox 1864 2623 2122 2677; x_wconf 85' lang='lat' dir='ltr'>deformi-</span> 
     </span>
     <span class='ocr_line' id='line_1_33' title="bbox 389 2695 2119 2768; baseline -0.002 -17"><span class='ocrx_word' id='word_1_276' title='bbox 389 2708 473 2751; x_wconf 87' lang='lat' dir='ltr'>ter</span> <span class='ocrx_word' id='word_1_277' title='bbox 497 2697 671 2750; x_wconf 83' lang='lat' dir='ltr'>dicet:</span> <span class='ocrx_word' id='word_1_278' title='bbox 712 2695 795 2749; x_wconf 90' lang='lat' dir='ltr'>vel</span> <span class='ocrx_word' id='word_1_279' title='bbox 821 2695 967 2768; x_wconf 88' lang='lat' dir='ltr'>quod</span> <span class='ocrx_word' id='word_1_280' title='bbox 1005 2695 1248 2749; x_wconf 83' lang='lat' dir='ltr'>omnium</span> <span class='ocrx_word' id='word_1_281' title='bbox 1277 2695 1337 2747; x_wconf 88' lang='lat' dir='ltr'>fit</span> <span class='ocrx_word' id='word_1_282' title='bbox 1374 2708 1557 2748; x_wconf 87' lang='lat' dir='ltr'>votum</span> <span class='ocrx_word' id='word_1_283' title='bbox 1596 2706 1897 2766; x_wconf 85' lang='lat' dir='ltr'>parentum,</span> <span class='ocrx_word' id='word_1_284' title='bbox 1925 2706 1986 2748; x_wconf 91' lang='lat' dir='ltr'>ut</span> <span class='ocrx_word' id='word_1_285' title='bbox 2022 2695 2119 2748; x_wconf 87' lang='lat' dir='ltr'>ho-</span> 
     </span>
     <span class='ocr_line' id='line_1_34' title="bbox 393 2766 2126 2840; baseline -0.002 -17"><span class='ocrx_word' id='word_1_286' title='bbox 393 2769 662 2835; x_wconf 74' lang='lat' dir='ltr'>nestioreS,</span> <span class='ocrx_word' id='word_1_287' title='bbox 698 2780 862 2840; x_wconf 86' lang='lat' dir='ltr'>quam</span> <span class='ocrx_word' id='word_1_288' title='bbox 898 2767 997 2821; x_wconf 87' lang='lat' dir='ltr'>smt</span> <span class='ocrx_word' id='word_1_289' title='bbox 1031 2767 1144 2839; x_wconf 87' lang='lat' dir='ltr'>ipfi,</span> <span class='ocrx_word' id='word_1_290' title='bbox 1184 2767 1381 2820; x_wconf 83' lang='lat' dir='ltr'>liberos</span> <span class='ocrx_word' id='word_1_291' title='bbox 1415 2766 1665 2831; x_wconf 84' lang='lat' dir='ltr'>habeant,</span> <span class='ocrx_word' id='word_1_292' title='bbox 1711 2771 1854 2836; x_wconf 84' lang='lat' dir='ltr'>(nam</span> <span class='ocrx_word' id='word_1_293' title='bbox 1889 2775 1976 2819; x_wconf 83' lang='lat' dir='ltr'>etc</span> <span class='ocrx_word' id='word_1_294' title='bbox 2017 2767 2126 2823; x_wconf 78' lang='lat' dir='ltr'>filia</span> 
     </span>
     <span class='ocr_line' id='line_1_35' title="bbox 394 2835 2126 2909; baseline -0.001 -17"><span class='ocrx_word' id='word_1_295' title='bbox 394 2853 538 2905; x_wconf 77' lang='lat' dir='ltr'>nata,</span> <span class='ocrx_word' id='word_1_296' title='bbox 589 2839 840 2893; x_wconf 87' lang='lat' dir='ltr'>meretrix</span> <span class='ocrx_word' id='word_1_297' title='bbox 894 2856 1012 2891; x_wconf 84' lang='lat' dir='ltr'>eam</span> <span class='ocrx_word' id='word_1_298' title='bbox 1061 2849 1232 2891; x_wconf 87' lang='lat' dir='ltr'>mater</span> <span class='ocrx_word' id='word_1_299' title='bbox 1277 2838 1526 2909; x_wconf 84' lang='lat' dir='ltr'>pudicam</span> <span class='ocrx_word' id='word_1_300' title='bbox 1573 2839 1675 2891; x_wconf 81' lang='lat' dir='ltr'>effe</span> <span class='ocrx_word' id='word_1_301' title='bbox 1726 2835 1986 2906; x_wconf 74' lang='lat' dir='ltr'>voluiffet)</span> <span class='ocrx_word' id='word_1_302' title='bbox 2041 2838 2126 2890; x_wconf 90' lang='lat' dir='ltr'>vel</span> 
     </span>
     <span class='ocr_line' id='line_1_36' title="bbox 393 2907 2126 2984; baseline -0.001 -19"><span class='ocrx_word' id='word_1_303' title='bbox 393 2912 586 2984; x_wconf 74' lang='lat' dir='ltr'>quodd</span> <span class='ocrx_word' id='word_1_304' title='bbox 620 2909 878 2969; x_wconf 86' lang='lat' dir='ltr'>humilior</span> <span class='ocrx_word' id='word_1_305' title='bbox 914 2909 1023 2982; x_wconf 88' lang='lat' dir='ltr'>ipse</span> <span class='ocrx_word' id='word_1_306' title='bbox 1059 2909 1242 2974; x_wconf 84' lang='lat' dir='ltr'>fuerit,</span> <span class='ocrx_word' id='word_1_307' title='bbox 1283 2910 1438 2979; x_wconf 86' lang='lat' dir='ltr'>(licet</span> <span class='ocrx_word' id='word_1_308' title='bbox 1471 2909 1613 2962; x_wconf 84' lang='lat' dir='ltr'>enim</span> <span class='ocrx_word' id='word_1_309' title='bbox 1654 2910 1759 2962; x_wconf 92' lang='lat' dir='ltr'>hoc</span> <span class='ocrx_word' id='word_1_310' title='bbox 1796 2910 1996 2976; x_wconf 87' lang='lat' dir='ltr'>dicere)</span> <span class='ocrx_word' id='word_1_311' title='bbox 2045 2907 2126 2963; x_wconf 82' lang='lat' dir='ltr'>vel</span> 
     </span>
     <span class='ocr_line' id='line_1_37' title="bbox 395 2979 2217 3067; baseline -0.002 -31"><span class='ocrx_word' id='word_1_312' title='bbox 395 2983 544 3056; x_wconf 88' lang='lat' dir='ltr'>quod</span> <span class='ocrx_word' id='word_1_313' title='bbox 571 3000 678 3036; x_wconf 87' lang='lat' dir='ltr'>non</span> <span class='ocrx_word' id='word_1_314' title='bbox 703 2980 950 3047; x_wconf 22' lang='lat' dir='ltr'>habueri-t</span> <span class='ocrx_word' id='word_1_315' title='bbox 981 2991 1206 3053; x_wconf 87' lang='lat' dir='ltr'>patrem,</span> <span class='ocrx_word' id='word_1_316' title='bbox 1233 2981 1328 3053; x_wconf 88' lang='lat' dir='ltr'>qui</span> <span class='ocrx_word' id='word_1_317' title='bbox 1361 2993 1640 3035; x_wconf 87' lang='lat' dir='ltr'>moneret:</span> <span class='ocrx_word' id='word_1_318' title='bbox 1679 2981 1809 3054; x_wconf 84' lang='lat' dir='ltr'>quin</span> <span class='ocrx_word' id='word_1_319' title='bbox 1846 2999 1914 3035; x_wconf 88' lang='lat' dir='ltr'>eo</span> <span class='ocrx_word' id='word_1_320' title='bbox 1948 2979 2126 3034; x_wconf 87' lang='lat' dir='ltr'>minus</span> <span class='ocrx_word' id='word_1_321' title='bbox 2151 2984 2217 3067; x_wconf 49' lang='lat' dir='ltr'>8ss</span> 
     </span>
    </p>
   </div>
   <div class='ocr_carea' id='block_1_3' title="bbox 377 3146 2130 3366">
    <p class='ocr_par' dir='ltr' id='par_1_3' title="bbox 377 3146 2130 3366">
     <span class='ocr_line' id='line_1_38' title="bbox 456 3146 2130 3202; baseline -0.002 -11"><span class='ocrx_word' id='word_1_322' title='bbox 456 3158 476 3177; x_wconf 81' lang='lat'>¹·</span> <span class='ocrx_word' id='word_1_323' title='bbox 505 3165 575 3192; x_wconf 75' lang='lat' dir='ltr'>om.</span> <span class='ocrx_word' id='word_1_324' title='bbox 595 3146 664 3191; x_wconf 75' lang='lat' dir='ltr'>iid.</span> <span class='ocrx_word' id='word_1_325' title='bbox 682 3158 687 3163; x_wconf 83' lang='grc'><em>“</em></span> <span class='ocrx_word' id='word_1_326' title='bbox 774 3154 794 3175; x_wconf 78' lang='lat'>0</span> <span class='ocrx_word' id='word_1_327' title='bbox 824 3148 1014 3188; x_wconf 76' lang='lat' dir='ltr'>suffeciffe</span> <span class='ocrx_word' id='word_1_328' title='bbox 1033 3150 1084 3189; x_wconf 87' lang='lat' dir='ltr'>G.</span> <span class='ocrx_word' id='word_1_329' title='bbox 1105 3154 1214 3198; x_wconf 59' lang='lat' dir='ltr'>reae,</span> <span class='ocrx_word' id='word_1_330' title='bbox 1228 3159 1331 3201; x_wconf 75' lang='lat' dir='ltr'><em>puto.</em></span> <span class='ocrx_word' id='word_1_331' title='bbox 1438 3155 1459 3183; x_wconf 71' lang='grc' dir='ltr'>Ρ</span> <span class='ocrx_word' id='word_1_332' title='bbox 1486 3151 1726 3190; x_wconf 76' lang='lat' dir='ltr'>succurreret</span> <span class='ocrx_word' id='word_1_333' title='bbox 1745 3151 1876 3202; x_wconf 80' lang='lat' dir='ltr'>Kapp.</span> <span class='ocrx_word' id='word_1_334' title='bbox 1985 3155 2004 3182; x_wconf 75' lang='lat'>‘¹</span> <span class='ocrx_word' id='word_1_335' title='bbox 2031 3161 2130 3188; x_wconf 85' lang='lat' dir='ltr'>con·</span> 
     </span>
     <span class='ocr_line' id='line_1_39' title="bbox 377 3204 2129 3257; baseline -0.003 -10"><span class='ocrx_word' id='word_1_336' title='bbox 377 3207 517 3257; x_wconf 51' lang='lat' dir='ltr'>affugit</span> <span class='ocrx_word' id='word_1_337' title='bbox 541 3205 672 3257; x_wconf 75' lang='lat' dir='ltr'><strong>Kapp.</strong></span> <span class='ocrx_word' id='word_1_338' title='bbox 782 3211 797 3233; x_wconf 69' lang='lat'><em>²</em></span> <span class='ocrx_word' id='word_1_339' title='bbox 825 3218 896 3241; x_wconf 82' lang='lat' dir='ltr'>om.</span> <span class='ocrx_word' id='word_1_340' title='bbox 917 3205 968 3242; x_wconf 86' lang='lat' dir='ltr'>G.</span> <span class='ocrx_word' id='word_1_341' title='bbox 986 3204 1091 3243; x_wconf 89' lang='lat' dir='ltr'>Jens.</span> <span class='ocrx_word' id='word_1_342' title='bbox 1203 3212 1216 3230; x_wconf 82' lang='lat'>⁸</span> <span class='ocrx_word' id='word_1_343' title='bbox 1248 3206 1379 3243; x_wconf 83' lang='lat' dir='ltr'>abitus</span> <span class='ocrx_word' id='word_1_344' title='bbox 1396 3204 1502 3244; x_wconf 80' lang='lat' dir='ltr'>Jens.</span> <span class='ocrx_word' id='word_1_345' title='bbox 1516 3215 1526 3227; x_wconf 77' lang='lat'><strong>⁴</strong></span> <span class='ocrx_word' id='word_1_346' title='bbox 1609 3210 1623 3236; x_wconf 84' lang='lat' dir='ltr'>t</span> <span class='ocrx_word' id='word_1_347' title='bbox 1654 3206 1724 3256; x_wconf 84' lang='lat' dir='ltr'>qui</span> <span class='ocrx_word' id='word_1_348' title='bbox 1745 3206 1797 3245; x_wconf 86' lang='lat' dir='ltr'>G.</span> <span class='ocrx_word' id='word_1_349' title='bbox 1815 3205 1920 3250; x_wconf 71' lang='lat' dir='ltr'>Jens.</span> <span class='ocrx_word' id='word_1_350' title='bbox 2028 3209 2048 3229; x_wconf 79' lang='lat'>²¹</span> <span class='ocrx_word' id='word_1_351' title='bbox 2082 3205 2129 3242; x_wconf 83' lang='lat' dir='ltr'>li-</span> 
     </span>
     <span class='ocr_line' id='line_1_40' title="bbox 398 3257 2128 3314; baseline -0.004 -12"><span class='ocrx_word' id='word_1_352' title='bbox 398 3264 560 3302; x_wconf 78' lang='lat' dir='ltr'>bertatis</span> <span class='ocrx_word' id='word_1_353' title='bbox 575 3260 641 3300; x_wconf 59' lang='grc' dir='ltr'>(λ’</span> <span class='ocrx_word' id='word_1_354' title='bbox 815 3262 835 3282; x_wconf 73' lang='lat'>¹</span> <span class='ocrx_word' id='word_1_355' title='bbox 867 3257 976 3297; x_wconf 85' lang='lat' dir='ltr'>aliud</span> <span class='ocrx_word' id='word_1_356' title='bbox 995 3258 1207 3310; x_wconf 75' lang='lat' dir='ltr'>reperietur</span> <span class='ocrx_word' id='word_1_357' title='bbox 1222 3259 1328 3297; x_wconf 86' lang='lat' dir='ltr'>Jens.</span> <span class='ocrx_word' id='word_1_358' title='bbox 1358 3260 1547 3310; x_wconf 80' lang='lat' dir='ltr'>repetitur</span> <span class='ocrx_word' id='word_1_359' title='bbox 1566 3258 1617 3297; x_wconf 86' lang='lat' dir='ltr'>G.</span> <span class='ocrx_word' id='word_1_360' title='bbox 1799 3265 1817 3284; x_wconf 81' lang='lat'>2</span> <span class='ocrx_word' id='word_1_361' title='bbox 1848 3259 2005 3308; x_wconf 83' lang='lat' dir='ltr'>utrique</span> <span class='ocrx_word' id='word_1_362' title='bbox 2022 3258 2128 3314; x_wconf 46' lang='lat' dir='ltr'>lens.</span> 
     </span>
     <span class='ocr_line' id='line_1_41' title="bbox 403 3310 2130 3366; baseline -0.001 -11"><span class='ocrx_word' id='word_1_363' title='bbox 403 3322 420 3341; x_wconf 89' lang='grc'><em>·</em></span> <span class='ocrx_word' id='word_1_364' title='bbox 455 3317 631 3355; x_wconf 82' lang='lat' dir='ltr'>recusare</span> <span class='ocrx_word' id='word_1_365' title='bbox 649 3313 701 3353; x_wconf 75' lang='lat' dir='ltr'>id.</span> <span class='ocrx_word' id='word_1_366' title='bbox 722 3311 899 3352; x_wconf 83' lang='lat' dir='ltr'>incusare</span> <span class='ocrx_word' id='word_1_367' title='bbox 918 3312 1023 3352; x_wconf 85' lang='lat' dir='ltr'>Alm.</span> <span class='ocrx_word' id='word_1_368' title='bbox 1162 3312 1179 3335; x_wconf 68' lang='lat' dir='ltr'>b</span> <span class='ocrx_word' id='word_1_369' title='bbox 1210 3325 1263 3352; x_wconf 80' lang='lat' dir='ltr'>ex</span> <span class='ocrx_word' id='word_1_370' title='bbox 1283 3325 1381 3355; x_wconf 86' lang='lat' dir='ltr'>mer.</span> <span class='ocrx_word' id='word_1_371' title='bbox 1402 3325 1466 3351; x_wconf 88' lang='lat' dir='ltr'>na.</span> <span class='ocrx_word' id='word_1_372' title='bbox 1489 3327 1556 3351; x_wconf 85' lang='lat' dir='ltr'>om.</span> <span class='ocrx_word' id='word_1_373' title='bbox 1580 3314 1631 3352; x_wconf 85' lang='lat' dir='ltr'>G.</span> <span class='ocrx_word' id='word_1_374' title='bbox 1659 3321 1805 3353; x_wconf 78' lang='lat' dir='ltr'>natum</span> <span class='ocrx_word' id='word_1_375' title='bbox 1821 3310 1932 3366; x_wconf 77' lang='lat' dir='ltr'>quod</span> <span class='ocrx_word' id='word_1_376' title='bbox 1951 3320 2061 3354; x_wconf 78' lang='lat' dir='ltr'>amet</span> <span class='ocrx_word' id='word_1_377' title='bbox 2075 3324 2130 3354; x_wconf 81' lang='lat' dir='ltr'>ex</span> 
     </span>
    </p>
   </div>
   <div class='ocr_carea' id='block_1_4' title="bbox 402 3365 1780 3420">
    <p class='ocr_par' dir='ltr' id='par_1_4' title="bbox 402 3365 1780 3420">
     <span class='ocr_line' id='line_1_42' title="bbox 402 3365 1780 3420; baseline -0.003 -10"><span class='ocrx_word' id='word_1_378' title='bbox 402 3383 502 3412; x_wconf 78' lang='lat' dir='ltr'>mer.</span> <span class='ocrx_word' id='word_1_379' title='bbox 522 3370 566 3409; x_wconf 85' lang='lat' dir='ltr'>in</span> <span class='ocrx_word' id='word_1_380' title='bbox 585 3369 763 3409; x_wconf 85' lang='lat' dir='ltr'>matrim.</span> <span class='ocrx_word' id='word_1_381' title='bbox 782 3367 889 3406; x_wconf 71' lang='lat' dir='ltr'>Jens.</span> <span class='ocrx_word' id='word_1_382' title='bbox 998 3371 1014 3392; x_wconf 71' lang='lat'><em>²</em></span> <span class='ocrx_word' id='word_1_383' title='bbox 1047 3365 1118 3406; x_wconf 72' lang='lat' dir='ltr'>etsi</span> <span class='ocrx_word' id='word_1_384' title='bbox 1139 3366 1191 3406; x_wconf 91' lang='lat' dir='ltr'>G.</span> <span class='ocrx_word' id='word_1_385' title='bbox 1297 3367 1318 3396; x_wconf 79' lang='lat' dir='ltr'>d</span> <span class='ocrx_word' id='word_1_386' title='bbox 1349 3368 1418 3419; x_wconf 76' lang='lat' dir='ltr'>qui</span> <span class='ocrx_word' id='word_1_387' title='bbox 1438 3369 1556 3408; x_wconf 83' lang='lat' dir='ltr'>hum.</span> <span class='ocrx_word' id='word_1_388' title='bbox 1577 3367 1661 3420; x_wconf 78' lang='lat' dir='ltr'>ipsa</span> <span class='ocrx_word' id='word_1_389' title='bbox 1673 3368 1780 3406; x_wconf 78' lang='lat' dir='ltr'>Jens.</span> 
     </span>
    </p>
   </div>
   <div class='ocr_carea' id='block_1_5' title="bbox 422 3500 2132 3562">
    <p class='ocr_par' dir='ltr' id='par_1_5' title="bbox 422 3500 2132 3562">
     <span class='ocr_line' id='line_1_43' title="bbox 422 3500 2132 3562; baseline -0.004 -13"><span class='ocrx_word' id='word_1_390' title='bbox 422 3521 431 3531; x_wconf 90' lang='lat'><strong>·</strong></span> <span class='ocrx_word' id='word_1_391' title='bbox 462 3509 536 3557; x_wconf 69' lang='lat'>78.</span> <span class='ocrx_word' id='word_1_392' title='bbox 568 3504 613 3547; x_wconf 82' lang='lat' dir='ltr'>in</span> <span class='ocrx_word' id='word_1_393' title='bbox 636 3500 919 3562; x_wconf 78' lang='lat' dir='ltr'>probationum</span> <span class='ocrx_word' id='word_1_394' title='bbox 949 3501 1051 3556; x_wconf 87' lang='lat' dir='ltr'><em>loco]</em></span> <span class='ocrx_word' id='word_1_395' title='bbox 1092 3503 1226 3561; x_wconf 81' lang='lat' dir='ltr'>Supra</span> <span class='ocrx_word' id='word_1_396' title='bbox 1307 3502 1606 3558; x_wconf 72' lang='lat' dir='ltr'>intelligebam,</span> <span class='ocrx_word' id='word_1_397' title='bbox 1645 3517 1740 3545; x_wconf 86' lang='lat' dir='ltr'>cum</span> <span class='ocrx_word' id='word_1_398' title='bbox 1790 3501 1863 3545; x_wconf 79' lang='lat' dir='ltr'>ista</span> <span class='ocrx_word' id='word_1_399' title='bbox 1899 3501 2132 3552; x_wconf 68' lang='lat' dir='ltr'>scriberem,</span> 
     </span>
    </p>
   </div>
   <div class='ocr_carea' id='block_1_6' title="bbox 400 3561 2158 3674">
    <p class='ocr_par' dir='ltr' id='par_1_6' title="bbox 400 3561 2158 3674">
     <span class='ocr_line' id='line_1_44' title="bbox 400 3561 2158 3619; baseline -0.003 -12"><span class='ocrx_word' id='word_1_400' title='bbox 400 3582 443 3619; x_wconf 80' lang='lat'>5,</span> <span class='ocrx_word' id='word_1_401' title='bbox 465 3580 509 3614; x_wconf 81' lang='lat'>2,</span> <span class='ocrx_word' id='word_1_402' title='bbox 537 3579 577 3607; x_wconf 79' lang='grc' dir='ltr'>ι.</span> <span class='ocrx_word' id='word_1_403' title='bbox 891 3586 898 3590; x_wconf 83' lang='grc'><strong>-</strong></span> <span class='ocrx_word' id='word_1_404' title='bbox 1308 3562 1412 3617; x_wconf 85' lang='lat' dir='ltr'>quid</span> <span class='ocrx_word' id='word_1_405' title='bbox 1433 3561 1506 3606; x_wconf 83' lang='lat' dir='ltr'>fibi</span> <span class='ocrx_word' id='word_1_406' title='bbox 1523 3563 1613 3606; x_wconf 84' lang='lat' dir='ltr'>haec</span> <span class='ocrx_word' id='word_1_407' title='bbox 1645 3563 1766 3608; x_wconf 73' lang='lat' dir='ltr'>verba</span> <span class='ocrx_word' id='word_1_408' title='bbox 1793 3563 1871 3608; x_wconf 82' lang='lat' dir='ltr'>hcc</span> <span class='ocrx_word' id='word_1_409' title='bbox 1891 3563 1935 3612; x_wconf 72' lang='lat' dir='ltr'>in</span> <span class='ocrx_word' id='word_1_410' title='bbox 1954 3561 2044 3603; x_wconf 82' lang='lat' dir='ltr'>loco</span> <span class='ocrx_word' id='word_1_411' title='bbox 2062 3572 2158 3613; x_wconf 35' lang='lat' dir='ltr'>ve„</span> 
     </span>
     <span class='ocr_line' id='line_1_45' title="bbox 463 3611 1838 3674; baseline -0.003 -9"><span class='ocrx_word' id='word_1_412' title='bbox 463 3629 533 3666; x_wconf 69' lang='grc' dir='ltr'>ει.</span> <span class='ocrx_word' id='word_1_413' title='bbox 562 3624 709 3665; x_wconf 81' lang='lat' dir='ltr'>Verum</span> <span class='ocrx_word' id='word_1_414' title='bbox 728 3618 1003 3674; x_wconf 54' lang='lat' dir='ltr'>id-atfloris]</span> <span class='ocrx_word' id='word_1_415' title='bbox 1027 3617 1224 3663; x_wconf 87' lang='lat' dir='ltr'>Nondum</span> <span class='ocrx_word' id='word_1_416' title='bbox 1307 3619 1400 3663; x_wconf 83' lang='lat' dir='ltr'>lint.</span> <span class='ocrx_word' id='word_1_417' title='bbox 1696 3619 1700 3622; x_wconf 69' lang='grc'><strong>”</strong></span> <span class='ocrx_word' id='word_1_418' title='bbox 1832 3611 1838 3627; x_wconf 85' lang='grc'><em>’</em></span> 
     </span>
    </p>
   </div>
  </div>
 </body>
</html>
