2320 4030
600 294 884 346 INSTIT.
919 294 1269 346 ORATOR.
1292 294 1446 348 LIB.
1475 293 1571 344 IX.
1607 311 1655 358 4.
1897 311 1986 360 ¹4¹

169 445 238 502 53
262 450 390 490 nera
414 430 530 485 vel⁸
564 430 620 490 in
644 432 907 486 membra.
983 430 1090 486 Sed
1125 431 1213 484 int
1247 430 1381 484 adeo
1417 431 1663 485 molestos
1702 431 1994 486 incidimus

259 501 664 576 grammaticoS,
698 513 895 574 quamu
934 500 1174 569 fuerunt,
1206 503 1299 574 qui
1337 502 1657 573 Lyricorum
1699 503 1991 574 quaedam⁸

261 575 497 629 carmina
538 575 594 627 in
636 576 808 629 varias
848 574 1116 628 mensuras
1149 585 1464 646 coegerunt.
1536 574 1614 627 At
1658 574 1850 627 Cicero
1883 576 1992 627 fre-

262 646 595 718 quentiffime
618 645 773 712 dicit,
798 656 975 699 totum
1002 645 1107 698 hoc
1131 646 1365 698 constare
1389 647 1623 711 numeriS,
1650 645 1879 716 ideoque
1908 665 1993 699 re-

261 716 610 788 prehenditur
639 735 671 770 a
706 716 1044 788 quibusdam,
1069 728 1344 788 tamquam
1384 717 1677 769 orationem
1714 715 1782 784 ad
1817 717 1992 786 rhyth-

168 797 245 856 54
264 808 361 842 mos
385 787 592 860 alliget.
664 789 810 840 Nam
838 788 959 840 sunt
982 788 1192 841 numeri
1227 787 1463 859 rhythmi,
1490 802 1552 843 ut
1576 799 1631 841 et
1654 788 1762 859 ipse
1798 788 1992 841 consti-

264 859 390 927 tuit,
415 870 472 913 et
495 858 662 914 secuti
684 877 809 913 eum
834 859 1121 931 Virgilius,
1146 877 1271 912 cum
1297 859 1452 924 dicit,

632 958 876 1012 Numeros
899 957 1116 1025 memini,
1125 957 1185 1030 si
1203 957 1360 1011 verba
1386 965 1592 1010 tenerem
1611 975 1629 1008 .·

261 1066 321 1113 et
344 1058 622 1127 Hor-atine,

712 1152 1219 1231 Numerisquefirtur
1233 1165 1259 1201 Υ

478 1231 617 1304 Lege
623 1229 831 1302 filictis·
1164 1233 1169 1235 “

172 1343 241 1402 55
266 1329 534 1383 Invadunt
558 1346 688 1400 ergo
712 1328 853 1381 hanc
888 1327 1028 1382 inter
1051 1337 1249 1382 ceteras
1275 1347 1484 1394 vocem,
1512 1327 1686 1400 Neque
1721 1328 1847 1380 enim
1879 1329 1990 1395 De-

265 1399 517 1472 mqsthenis
521 1399 758 1472 fulmina
781 1410 1031 1472 tantopere
1054 1400 1318 1453 vibrarent
1338 1410 1362 1432 ²
1385 1401 1500 1464 illa,
1525 1400 1621 1471 nisi
1641 1399 1856 1452 numeris
1879 1421 1992 1453 con·-

268 1483 398 1526 torta
404 1471 730 1545 ferrentur2.
796 1472 858 1523 ln
886 1491 995 1543 quo
1021 1472 1055 1524 fi
1081 1472 1186 1524 hoc
1211 1472 1467 1524 sentimus
1490 1471 1731 1544 rhythmis
1752 1474 1990 1539 contorta,

265 1543 528 1597 diffentio.
584 1545 729 1597 Nam
754 1543 989 1614 rhythmi,
1013 1553 1078 1596 ut
1103 1542 1236 1607 dixi,
1262 1561 1436 1615 neque
1462 1543 1623 1595 finem
1646 1541 1851 1596 habent
1876 1561 1992 1596 cer-

265 1626 407 1680 tum,
431 1633 532 1668 nec
557 1614 720 1668 ullam
747 1614 803 1666 in
828 1626 1083 1668 contextu
1107 1615 1432 1680 varietatem,
1457 1611 1564 1680 sed,
1589 1631 1695 1686 qua
1710 1626 1996 1685 coeperunt

267 1686 567 1753 sublatione
592 1689 692 1740 acb
728 1685 1001 1768 positione,
1026 1687 1094 1739 ad
1132 1685 1290 1739 finem
1318 1686 1483 1758 usque
1507 1685 1829 1739 decurrunt:
1869 1705 1993 1739 ora-

173 1760 247 1830 56
269 1756 346 1810 tio
372 1777 477 1811 non
502 1757 772 1812 descendit
795 1757 863 1810 ad
888 1757 1155 1828 strepitum
1181 1757 1496 1830 digitorum.
1572 1755 1638 1811 Id
1655 1766 1673 1789 ⁶
1711 1757 1858 1828 quod
1894 1757 1993 1812 Ci-

269 1848 393 1884 cero
416 1829 619 1902 optime
643 1828 805 1895 videt,
830 1847 893 1883 ac
918 1831 1135 1882 testatur
1168 1828 1494 1901 frequenter,
1519 1828 1590 1894 se,
1617 1828 1762 1900 quod
1797 1847 1993 1882 nume-

267 1901 444 1980 rofixm
486 1901 568 1970 fit,
591 1919 825 1974 quaerere
843 1914 877 1953 ε’
897 1911 960 1954 ut
998 1900 1172 1972 magis
1207 1919 1316 1954 non
1356 1898 1590 1970 ἄρῤυ-ἓτμον
1606 1907 1648 1966 d,
1682 1899 1830 1972 quod
1870 1899 1996 1953 effet
2020 1954 2024 1959 ,

323 2043 338 2063 ⁸
369 2035 438 2083 Sic
455 2037 506 2076 G.
524 2035 630 2076 Jens.
650 2042 686 2074 et
703 2034 823 2075 MSS.

271 2090 417 2142 Regii„
531 2102 542 2121 ¹
574 2098 661 2130 tam
679 2089 937 2129 immodestos
955 2089 1007 2128 G.
1035 2089 1113 2128 Sed
1131 2090 1254 2128 etiam
1275 2088 1316 2126 in
1338 2086 1524 2126 molestos
1544 2085 1762 2124 incidimus
1780 2087 1998 2127 Gramma-

269 2147 388 2192 ticos,
414 2156 590 2195 quorum
618 2145 797 2191 suerunt,
829 2143 899 2194 qui
932 2145 1130 2191 membra,
1164 2142 1275 2182 velut
1306 2142 1540 2193 Lyricorum
1571 2137 1654 2179 &a
1687 2141 1777 2193 conj.
1811 2142 1995 2182 Burman.

273 2205 292 2224 '¹
326 2211 500 2250 quorum
518 2198 624 2242 Jens.
733 2205 754 2226 x
781 2197 1039 2247 quorundam
1059 2198 1110 2236 G.
1219 2203 1238 2228 Υ
1270 2196 1416 2234 feratur
1431 2194 1538 2234 Jeus.
1553 2194 1663 2234 male.
1771 2204 1791 2226 2
1818 2196 1997 2236 vibratus

271 2253 418 2292 dieitur
432 2253 537 2292 Jens.
709 2257 726 2276 ¹
758 2252 933 2290 ferantur
951 2252 1003 2291 id.
1165 2249 1186 2280 b
1214 2250 1266 2288 ad
1285 2249 1523 2301 positionem
1540 2248 1666 2298 usque
1685 2248 1734 2288 G.
1756 2248 1997 2299 positionem

219 2343 228 2350 ,
270 2308 384 2346 etiam
400 2307 507 2347 Jens.
644 2310 662 2332 ‘²
692 2314 732 2345 et
750 2318 842 2356 quae
861 2306 913 2345 G.
929 2305 1035 2344 Jens.
1186 2303 1205 2328 ⁶
1235 2303 1413 2355 εἷρυθμον,
1433 2302 1550 2348 eredo,
1570 2317 1698 2342 omnes.
1744 2302 1822 2341 Sed
1837 2303 1998 2344 alterum

271 2361 446 2413 analogia
456 2360 573 2414 pell-it
590 2369 626 2398 et
635 2367 833 2412 perpetuus
854 2359 1069 2399 Graecorum
1086 2359 1184 2412 ufics,
1201 2370 1242 2396 v.
1261 2369 1300 2408 g.
1321 2357 1487 2397 Quina.
1506 2357 1683 2395 Aristidis
1709 2369 1741 2395 1.
1762 2369 1805 2407 p.
1825 2369 1891 2407 33.
1931 2359 1998 2397 In..

273 2416 382 2454 terim
409 2430 456 2454 ex
478 2415 542 2453 illo
569 2416 798 2466 Arythmon
826 2414 938 2453 etiam
964 2413 1067 2465 apud
1090 2412 1328 2452 Martianum
1360 2409 1552 2462 Capellam
1580 2410 1773 2464 aliquoties
1789 2425 1805 2449 .-
1832 2411 1921 2466 quin
1930 2414 1996 2465 stc

273 2470 396 2509 editur
412 2469 529 2521 Arist.
550 2469 697 2508 Rhetor.
719 2480 755 2519 3,
776 2469 817 2517 8,
835 2481 871 2508 1.

847 2041 940 2087 puto
957 2048 1087 2073 omnes.
1113 2025 1177 2073 vel
1205 2034 1248 2072 in
1275 2032 1460 2072 membra
1478 2046 1547 2070 om.
1566 2030 1702 2085 reliqui
1727 2030 1773 2071 de
1789 2032 1995 2084 conjectura

339 2590 408 2630 33.
443 2584 568 2618 totum
595 2573 665 2618 hoc
691 2575 871 2633 constare
888 2573 1088 2629 numeris]

276 2634 334 2676 V.
356 2649 401 2691 g.
430 2636 555 2677 Orat.
587 2637 660 2676 60.
695 2632 741 2676 Si
772 2647 962 2677 numerus
995 2648 1092 2676 ora-

275 2691 396 2735 tionis
424 2691 621 2758 queritur
647 2690 718 2749 qui
739 2691 824 2745 fit3
856 2691 981 2734 omnis
1007 2691 1060 2748 est
1075 2709 1088 2733 ε

263 2750 346 2808 sed
373 2750 483 2793 altus
512 2749 593 2793 alio
623 2749 764 2792 melior
790 2759 913 2807 atque
939 2749 1090 2806 aptior.

278 2807 327 2850 Si
344 2807 476 2862 locus-3
506 2807 551 2851 in
573 2808 680 2850 omni
699 2815 824 2864 parte
851 2807 1090 2850 verborum.

277 2866 400 2916 -Si‚
418 2867 479 2908 ad
492 2881 616 2924 quam
633 2880 719 2909 rem
737 2863 984 2908 adhibeatur
999 2884 1012 2918 3
1037 2865 1100 2908 ad

277 2923 579 2968 detestationem
594 2943 607 2966 .-
625 2923 680 2979 fi,
699 2924 856 2981 quando
877 2941 889 2977 ;
900 2924 1093 2989 semper.-

265 2983 322 3038 fi,
351 2998 426 3040 quo
457 2983 567 3037 loc03
611 2982 670 3025 in*
687 2990 774 3024 tota
803 2982 1098 3025 continuatione

277 3041 517 3084 verborum.

343 3114 414 3154 54.
447 3097 660 3155 Virgilius]
696 3098 790 3142 Ecl.
825 3115 867 3154 9,
897 3112 973 3153 45.
1006 3099 1099 3140 Ho-

280 3169 362 3200 rat.
406 3158 490 3199 Od.
531 3172 576 3208 4,
611 3172 653 3206 2,
691 3172 763 3199 11.
815 3155 952 3216 Neque
990 3156 1096 3199 enim

282 3214 478 3272 Demosth.
502 3216 597 3258 Cic.
619 3217 740 3257 Orat.
764 3230 836 3268 70.
889 3221 901 3232 ⁶

346 3289 414 3328 55.
434 3273 477 3328 fi
505 3272 575 3315 hoc
591 3272 811 3331 sentimus]
844 3273 886 3315 Si
906 3271 1014 3314 hunc
1035 3270 1097 3314 lo-

283 3346 379 3374 cum
413 3329 626 3374 Ciceronis
655 3331 715 3374 ita
739 3329 1027 3388 intelligimuS,
1052 3339 1097 3371 ut

282 3389 461 3433 numeris
476 3396 656 3431 contorta
685 3389 792 3432 idem
818 3389 967 3438 valeat,
987 3387 1099 3444 quod

282 3446 476 3505 rhythmis
493 3454 700 3501 contorta3
722 3446 898 3490 dissentit
914 3446 1099 3498 Fabius5

283 3516 492 3562 negatque
537 3505 653 3555 adm,
682 3506 758 3548 hic
797 3503 1022 3563 rhythmum
1061 3514 1104 3546 et

284 3578 493 3607 numerum
514 3562 586 3606 effe
604 3576 737 3605 unum
757 3563 947 3619 idemque
964 3581 975 3605 t
999 3576 1103 3619 qua·

1172 2583 1293 2617 tenus
1338 2587 1484 2631 nempe
1531 2571 1672 2630 paullo
1718 2583 1812 2615 ante
1840 2574 1893 2616 ·s.
1939 2590 2003 2629 50.

1173 2633 1416 2690 rhythmum
1443 2630 1647 2681 definivit,
1674 2642 1723 2674 ut
1753 2646 1834 2674 non
1863 2632 1994 2676 solum

1174 2691 1327 2749 pedum
1385 2689 1667 2733 collectionem
1735 2692 1998 2747 proportione

1174 2749 1357 2807 quadam
1386 2748 1493 2790 inter
1519 2747 1557 2790 se
1585 2757 1903 2804 temperatorum
1923 2764 1999 2793 no..

1176 2816 1254 2859 tet,
1302 2807 1368 2850 sed
1415 2805 1528 2850 illam
1575 2807 1797 2849 eorundem
1875 2809 1999 2852 edum

1177 2864 1528 2909 continuationem
1567 2864 1646 2907 fine
1682 2874 1796 2907 certo
1864 2880 1912 2910 ne
1944 2868 1998 2911 ad

1175 2922 1381 2975 μετειςολῆν
1399 2922 1525 2980 usque
1544 2923 1610 2966 seu
1635 2922 1904 2967 mutationem
1925 2941 1998 2982 ge-

1179 2983 1286 3023 neris
1321 2991 1655 3039 procurrentem:
1691 2997 1694 3002 ·
1729 2981 1812 3023 uod
1841 2986 1997 3040 optime

1179 3053 1230 3082 ex
1257 3039 1678 3098 tympanotribarum,
1715 3052 1903 3084 tumenta
1925 3042 2000 3085 fla-

1178 3096 1440 3196 pellandum,
1459 3107 1500 3139 et
1529 3108 1788 3148 caeterorum‚
1809 3114 1915 3156 quos
1946 3101 2001 3142 ad

1199 3186 1209 3196 .
1240 3170 1298 3210 45
1330 3155 1532 3206 diximus,
1561 3155 1769 3213 rhythmis
1798 3157 2000 3215 intelligi-

1178 3223 1264 3256 tur.
1293 3215 1387 3256 Hoc
1407 3227 1538 3270 genus
1557 3213 1744 3270 rhythmi
1764 3217 1912 3258 merito
1929 3232 2002 3260 ex-

1178 3271 1311 3314 cludit
1361 3272 1413 3313 ab
1451 3272 1635 3314 oratione
1672 3271 1847 3322 Fabius,
1886 3274 2002 3330 quod

1179 3344 1260 3371 non
1299 3329 1424 3372 modo
1470 3330 1714 3373 suavitatem
1756 3330 2000 3375 habiturum

1181 3401 1262 3430 non
1281 3387 1390 3438 effet,
1406 3387 1470 3430 sed
1492 3387 1712 3431 molestiam
1732 3401 1781 3429 ex
1801 3388 1886 3446 ipsa
1905 3391 2003 3434 uni·

1182 3444 1392 3488 formitate
1409 3445 1601 3489 adferret.

1247 3506 1318 3557 56.
1350 3518 1426 3545 non
1451 3505 1836 3559 ἄῤῥυθμον-ᾳυατη
1864 3503 2002 3565 rhyth-

1186 3562 1316 3620 mum]
1350 3562 1416 3618 De
1444 3561 1615 3605 lectione
1643 3562 1747 3619 quid
1768 3561 1870 3606 mihi
1892 3567 2004 3607 vide-
