2320 4030
339 305 440 368 '194
724 299 799 349 M.
835 291 1044 346 FABII
1082 289 1665 346 QUINCTILIANI

339 453 493 491 mum
517 432 753 506 profecto
777 451 971 488 nomen
997 430 1217 484 oratoris
1242 431 1380 504 apud
1402 432 1631 504 posteros
1660 429 1822 485 foretj
1886 429 2056 506 Adjeab

341 506 488 561 ciffet
517 506 681 574 enim,
709 517 869 579 atque
903 502 1186 557 ad'iciebat
1220 502 1411 556 ceteris
1448 503 1730 557 virtutibus
1754 503 1878 568 suiS‚
1911 504 2060 576 quod

344 577 615 631 defiderari
658 577 842 649 potest.
916 577 942 627 Ι
1027 574 1097 625 est
1137 583 1339 639 autem,
1384 583 1448 627 ut
1494 575 1619 628 esset
1664 573 1836 628 multo
1884 571 2060 646 magis

343 665 583 722 p‘ugnaX,
609 660 665 702 et
701 647 886 720 saepius
923 643 994 698 ad
1029 661 1207 697 curam
1245 662 1422 698 rerum
1460 646 1528 698 ab
1566 646 1866 698 elocutione
1898 645 2059 715 respi-

345 721 553 773 ceretb.
628 720 882 774 Ceterum
918 715 1240 786 interceptus
1275 716 1490 787 quoque
1525 734 1779 788 magnum
1814 716 1906 767 fibi
1937 715 2057 769 vin-³
2083 768 2125 797 η

346 791 492 844 dicat
514 789 714 845 locum.
787 791 868 842 Ea
901 787 972 839 est
1003 784 1270 852 facundia,
1297 798 1442 839 tanta
1467 786 1523 839 in
1555 786 1885 857 explicandO,
1915 786 2062 858 quod

346 861 496 927 velit,
524 861 732 935 gratia:
769 871 882 912 tam
924 854 1210 910 candidum
1254 868 1311 910 et
1351 856 1472 909 lene
1493 867 1513 891 ⁶
1556 868 1612 910 et
1652 857 1937 928 speciosum
1976 857 2062 910 di·

348 931 503 987 cendi
540 950 750 1004 genus:
788 939 937 983 tanta
977 928 1278 994 verborum,
1315 927 1476 980 etiam
1516 946 1638 1000 quae
1675 928 1893 981 assumta
1924 926 2063 995 sunt,

346 1002 668 1077 proprietam
707 995 853 1056 tanta
877 999 933 1052 in
958 997 1274 1070 quibusdam
1300 1016 1367 1050 ex
1427 998 1626 1052 ericulo
1662 999 1840 1082 petitis
1864 998 2062 1068 fignifi-

349 1073 545 1130 cantia.
619 1073 914 1128 Habebunt
949 1069 1044 1142 qui
1090 1069 1200 1140 post
1239 1086 1338 1122 nos
1417 1087 1447 1120 e
1486 1070 1782 1122 oratoribus
1820 1069 2063 1136 scribent,
2090 1121 2103 1150 Ι
2138 1120 2163 1151 2

349 1162 600 1217 magnam
638 1161 752 1210 eoS‚
777 1141 871 1215 qui
906 1157 1048 1193 nunc
1085 1140 1288 1212 vigent,
1313 1139 1585 1192 materiam
1611 1159 1732 1194 vere
1755 1138 2004 1193 laudandi
2022 1151 2063 1194 θ.
2111 1123 2131 1151 ²

352 1218 491 1270 Sunt
525 1215 668 1268 enim
693 1215 898 1270 summa
931 1210 1116 1277 hodie,
1140 1211 1337 1283 quibus
1372 1210 1653 1264 illustratur
1687 1210 1880 1277 forum,
1907 1210 2066 1283 inge·

351 1288 459 1342 nia.
519 1288 773 1358 Namque
797 1294 854 1338 et
858 1281 1225 1342 „consummati
1241 1280 1355 1352 jam
1381 1283 1586 1353 patroni
1607 1283 1872 1336 veteribus
1896 1299 2066 1335 aemu-

350 1358 546 1422 lantur,
573 1368 628 1410 et
651 1375 743 1411 eos
768 1355 1029 1428 juvenum
1064 1353 1131 1406 ad
1158 1355 1363 1425 optima
1384 1353 1719 1407 tendentium
1746 1353 1984 1405 imitatur
2006 1370 2070 1406 ac

350 1429 586 1502 sequitur
625 1428 895 1482 industria.
968 1423 1273 1496 Supersunt,
1310 1425 1404 1495 qui
1441 1424 1508 1477 de
1544 1423 1871 1495 philosophia
1909 1423 2003 1477 scri
2042 1453 2068 1467 -

352 1501 530 1555 serunt
545 1499 582 1567 f,
606 1518 726 1571 qu0-
751 1499 808 1552 in
889 1513 1044 1549 enere
1082 1495 1411 1567 pauciffimos
1445 1494 1620 1548 adhuc
1658 1495 1963 1566 eloquentes
2023 1496 2069 1547 i-
2094 1474 2165 1519 ¹²3

352 1583 483 1624 terae
509 1572 764 1624 Romanae
796 1516 1054 1622 tufferunt.
1129 1566 1281 1619 Idem
1314 1565 1480 1638 igitur
1515 1567 1603 1620 M.
1632 1566 1848 1633 Tullius,
1871 1566 1983 1637 qui,
2009 1577 2074 1633 ut

355 1643 577 1714 ubique,
625 1640 786 1695 etiam
834 1640 892 1693 in
941 1638 1046 1690 hoc
1093 1655 1252 1710 opere
1302 1638 1530 1697 Platonis
1589 1638 1814 1691 aemulus
1873 1637 2072 1692 extitit.

355 1714 624 1785 Egregius
659 1731 803 1778 vero,
838 1708 1134 1780 multoque,
1167 1727 1330 1780 quam
1364 1708 1420 1760 in
1456 1708 1799 1775 orationibuS,
1825 1709 2074 1780 praestan-

354 1784 463 1837 tior
504 1786 715 1850 Brutus,
759 1779 963 1835 suffecit
1003 1779 1219 1851 ponderi
1257 1797 1468 1832 rerum:
1526 1780 1653 1832 scias
1695 1798 1818 1832 eum
1863 1778 2074 1846 sentire,

354 1873 475 1927 quae
523 1855 672 1908 dicit.
747 1850 960 1924 Scripfit
1006 1870 1112 1904 uon
1159 1868 1341 1922 parum
1384 1850 1554 1903 multa
1596 1851 1845 1904 Cornelius
1888 1850 2075 1921 Celsus,

357 1926 631 1998 Scepticos
652 1940 675 1972 S
708 1926 942 1989 secutus»,
967 1935 1074 1975 non
1115 1921 1220 1974 fine
1261 1921 1414 1975 cultu
1451 1939 1511 1974 ac
1544 1922 1736 1975 nitore.
1809 1920 2074 1974 Plancus-11

356 1999 414 2052 in
464 1997 657 2051 Stoicis
703 2014 882 2051 rerum
929 1992 1240 2066 cognitione
1280 1992 1447 2046 utilis,
1523 1994 1584 2045 In
1629 1992 1901 2064 Epicureis
1946 1992 2080 2046 levis

357 2068 598 2141 quidem,
645 2067 734 2122 sed
775 2084 886 2120 non
923 2062 1248 2137 injucundus
1292 2074 1472 2116 tamen
1511 2063 1723 2117 auctori
1766 2066 1837 2116 est
1885 2063 2077 2118 Catius-

358 2142 441 2193 Ex
477 2139 726 2193 industria
753 2139 982 2193 Senecam
1020 2136 1075 2188 in
1115 2134 1262 2189 omni
1296 2153 1493 2207 genere
1529 2134 1848 2206 eloquentiae
1881 2134 2077 2200 distuli,

360 2223 574 2284 propter
611 2211 886 2283 vulgatam
924 2205 1051 2260 falso
1075 2205 1142 2259 de
1182 2225 1270 2259 me
1300 2204 1630 2277 opinionem,
1653 2207 1790 2278 qua¹
1831 2205 2080 2260 damnare

359 2302 506 2348 euru,
531 2293 588 2336 et
613 2282 839 2336 invisum
865 2295 1082 2350 quoque
1100 2277 1301 2330 ‘habere
1324 2278 1438 2330 sum
1465 2277 1716 2330 creditus·
1791 2276 1958 2331 Quod
1987 2294 2079 2330 ac.-

361 2354 493 2407 cidit
517 2352 671 2419 mihi,
698 2351 829 2406 dum
857 2359 1163 2421 corruptum
1191 2360 1247 2400 et
1279 2345 1528 2402 omnibus
1566 2348 1708 2402 vitiis
1733 2346 1968 2401 fractum
1992 2347 2074 2400 di-

361 2423 519 2478 ce‘ndi
567 2442 743 2496 genus
801 2438 1043 2474 revocare
1100 2415 1167 2472 ad
1226 2418 1480 2472 severiora
1527 2417 1734 2490 judicia
1791 2419 2078 2472 contendo·

361 2496 557 2549 Tumm
600 2505 780 2547 autem
823 2491 964 2545 solus
1005 2490 1096 2544 hic
1133 2489 1240 2544 fere
1280 2490 1335 2543 in
1378 2487 1625 2542 manibus
1669 2489 2079 2543 adolescentium

363 2566 489 2620 fuit.
564 2565 744 2619 Quem
770 2581 877 2616 non
913 2561 1159 2633 equidem
1185 2561 1405 2614 omnino
1440 2562 1667 2614 conabar
1703 2572 1968 2626 excutere,
1994 2560 2084 2614 sed

363 2635 658 2710 potioribus
695 2633 928 2709 praeferri
966 2651 1073 2687 non
1107 2632 1358 2699 finebam,
1388 2650 1524 2704 quos
1561 2631 1651 2686 ille
1688 2650 1792 2686 non
1821 2631 2089 2686 destiterat

2135 759 2153 797 t

2102 1905 2173 1947 ¹24

2101 2182 2170 2229 125

2105 2531 2178 2578 126

421 2821 446 2853 b
473 2821 638 2874 refipisc.
657 2818 707 2859 id.

368 2873 386 2902 f
412 2876 630 2927 scripserint
649 2876 698 2913 G.
719 2873 823 2913 Jens.

369 2929 430 2970 Ex
449 2930 504 2969 id.
610 2931 621 2955 ¹
652 2930 746 2980 quia
765 2929 816 2968 G.
835 2927 942 2966 Jens.

844 2825 861 2845 ⁰
893 2818 980 2859 leve
1000 2818 1051 2857 id.
1085 2819 1174 2859 Vid.
1194 2828 1268 2859 not.
1288 2821 1341 2859 ad
1363 2833 1425 2867 10,
1451 2832 1487 2869 ι,
1512 2828 1577 2871 52.

931 2880 950 2905 Β
980 2873 1138 2913 Sextios
1158 2874 1224 2912 iid.
1358 2874 1379 2900 ¹³
1411 2874 1573 2914 Plautus
1590 2874 1697 2914 Jens.

1049 2932 1082 2952 ¹¹²
1111 2927 1222 2968 Cum
1243 2926 1310 2968 iid.

1714 2824 1730 2844 θ
1762 2818 1963 2875 laudanda
1978 2817 2088 2859 Jens.

1823 2873 1834 2899 ὅ
1866 2874 2089 2915 duetorem.

431 3093 528 3122 ιιι.
561 3093 615 3122 ex
627 3077 804 3136 periculo
817 3075 978 3136 petitis]
1010 3077 1112 3122 vid.
1135 3079 1187 3123 ad

372 3152 416 3190 2,
440 3152 510 3188 τι,
535 3152 575 3191 3,
598 3148 637 3180 et
662 3140 703 3187 8,
727 3139 772 3188 6,
795 3147 866 3180 Π.

426 3209 532 3248 ⁴24·
565 3195 758 3251 Scepticos
776 3194 959 3253 secutus]
992 3191 1188 3251 Discipli-

369 3268 445 3297 nas
475 3264 604 3310 prope
633 3267 772 3295 omnes
800 3252 893 3301 stilo
931 3252 1188 3311 prosecutum

1269 3079 1389 3122 hodie
1428 3079 1615 3138 superest,
1646 3077 1769 3122 facile
1806 3077 1963 3130 vident,
1994 3088 2089 3122 eum

1269 3137 1495 3195 scepticurn
1525 3138 1692 3194 quidem
1721 3137 1756 3180 se
1785 3150 1865 3179 non
1890 3136 2090 3194 profiteri,

1270 3195 1468 3254 scepticos
1507 3205 1642 3238 tamen
1687 3197 1733 3238 -in
1774 3193 1852 3237 hoc
1891 3194 2091 3246 secutum,

370 3312 443 3355 effe
469 3311 590 3353 docet
607 3309 739 3353 noster
763 3326 832 3360 η,
856 3318 926 3361 11,
949 3324 1022 3363 24.
1069 3312 1189 3368 Opus

365 3371 448 3418 hoc
483 3367 662 3426 sceptici,
719 3382 762 3411 er
791 3381 930 3411 omnes
962 3377 1098 3426 partes
1132 3369 1190 3410 ire

370 3441 527 3478 eorum,
548 3440 642 3483 quae
688 3427 763 3469 ciri
791 3435 1005 3483 putantur,
1026 3435 1077 3468 ut
1102 3423 1190 3469 fac-

372 3494 462 3527 tum
502 3498 526 3525 a
557 3486 679 3526 Sexto
711 3485 941 3541 Empirico.
986 3484 1188 3541 Legentes

373 3541 656 3603 praefationem
701 3543 856 3601 operis,
900 3541 1014 3600 quod
1059 3541 1190 3586 solum

1271 3254 1385 3309 quod
1405 3254 1618 3295 sententias
1638 3252 1814 3296 diversas
1841 3264 2092 3295 commemo·

1271 3320 1352 3363 rat,
1373 3309 1476 3354 nihil
1495 3309 1615 3353 facile
1635 3311 1836 3354 adseverat
1856 3310 1938 3352 &c.

1333 3383 1434 3421 124.
1469 3369 1628 3422 Catius]
1667 3369 1757 3419 Ille,
1785 3368 1901 3421 cujus
1919 3367 2093 3425 spemn

1273 3427 1423 3482 (εἴδωλα
1441 3428 1635 3484 Epicuri)
1653 3426 1758 3470 ridet
1777 3424 1952 3469 Tullius
1968 3425 2089 3470 Fam.

1276 3499 1349 3540 15,
1373 3487 1423 3527 16
1445 3494 1486 3528 et
1510 3499 1579 3541 ¹9·
