2320 4030
283 379 378 445 276
667 379 744 427 M.
781 376 987 427 FABII
1025 372 1617 425 QUINCTILIANI·

286 514 436 581 dum,
478 512 718 567 formatis
752 513 817 566 ad
860 512 1080 565 modum
1118 510 1466 584 percutientis
1505 527 1694 564 nervos
1738 509 2006 577 manibus&

289 585 559 638 ostendas:
597 585 744 657 quod
769 585 837 637 est
869 601 1039 656 genus
1075 601 1234 653 quam
1267 581 1560 653 longiffime
1596 582 1650 633 in
1683 582 1890 634 actione
1913 581 2004 635 fu-

291 656 573 728 giendum.
645 655 835 708 Abefl'e
871 655 1012 707 enim
1047 653 1336 725 plurimum
1373 671 1404 704 a
1437 652 1676 705 saltatore
1704 652 1862 704 debet
1887 670 2004 704 ora·
2032 654 2100 725 89

292 741 397 793 tor,
421 736 484 779 ut
509 727 568 780 fit
591 728 763 798 gestus
790 725 858 778 ad
890 724 1062 777 sensus
1088 724 1278 795 magiS‚
1307 742 1468 794 quam
1495 723 1562 775 ad
1590 724 1764 789 verba,
1791 739 2007 776 accom-

295 798 575 851 modatus:
614 797 759 868 quod
796 797 954 848 etiam
992 794 1327 848 histrionibus
1366 794 1545 866 paullo
1575 794 1903 866 gravioribus
1928 793 2008 847 fa-

298 886 418 921 cere
443 868 606 921 moris
637 868 760 920 fuit.
833 870 978 937 Ergo
1010 877 1074 918 ut
1107 864 1179 918 ad,
1207 866 1259 919 se
1295 884 1512 918 manum
1548 865 1760 931 referre,
1785 883 1911 918 cum
1943 864 2013 918 de

296 940 350 993 se
385 940 494 1010 ipso
523 938 578 990 lo
617 948 790 1002 uatur,
817 949 872 990 et
906 939 962 988 in
989 955 1132 1000 eum,
1155 955 1315 1006 quem
1356 936 1689 1000 demonstret,
1717 935 2012 1003 intendere,

299 1024 357 1063 et
386 1010 567 1081 aliqua
638 1008 683 1062 is
700 1021 732 1044 ¹²¹
770 1007 954 1060 fimilia
987 1006 1342 1079 permiserim:
1382 1007 1456 1058 ita
1487 1025 1614 1073 non,
1640 1008 1891 1079 effingere
1914 1008 2012 1059 sta-

298 1091 385 1133 tus
411 1080 683 1160 quosdam,
709 1089 782 1145 et,
811 1077 1071 1150 quidquid
1105 1077 1266 1143 dicet,
1291 1077 1577 1130 ostendere.
1649 1078 1842 1148 Neque
1876 1076 1931 1128 id
1958 1078 2011 1129 in
2037 1096 2106 1152 90

299 1153 545 1204 manibus
579 1150 766 1216 solum,
791 1150 878 1202 sed
903 1150 958 1202 in
994 1148 1141 1201 omni
1175 1149 1323 1220 gestu
1350 1167 1412 1201 ac
1438 1167 1566 1201 voce
1591 1147 1898 1201 servandum
1923 1150 2012 1201 est.

300 1223 426 1275 Non
451 1222 592 1274 enim
618 1232 712 1274 aut
736 1221 792 1273 in
826 1221 918 1272 ‘illa
951 1218 1185 1291 period0‚
1217 1220 1363 1271 Stetit
1379 1219 1603 1290 soleatus
1629 1221 1828 1271 Praetor
1843 1219 2017 1292 populi

302 1287 530 1357 Romani,
554 1291 829 1345 inclinatio
861 1290 1219 1344 incumbentis
1243 1290 1299 1342 in
1338 1290 1704 1343 mulierculam
1729 1290 1910 1343 Verris
1933 1290 2014 1343 ef-

303 1363 554 1436 fingenda
576 1364 680 1416 est:
719 1373 813 1416 aut
834 1362 888 1414 in
909 1362 1021 1427 ¹illa,
1051 1361 1348 1413 Caedebatnr
1369 1362 1420 1412 in
1444 1362 1596 1413 medio
1603 1361 1723 1432 foro
1748 1362 2016 1432 Mffnae,

301 1449 483 1487 motus
506 1434 753 1499 laterum,
781 1433 952 1505 qualis
987 1433 1086 1485 effe
1121 1431 1189 1484 ad
1226 1433 1442 1485 verbera
1471 1432 1621 1497 solet,
1649 1432 2015 1503 torquendus:

305 1516 398 1559 aut
435 1523 557 1571 vox,
582 1505 755 1575 qualis
793 1504 974 1557 dolore
1013 1503 1345 1574 exprimitur,
1379 1504 1630 1556 eruenda.
1705 1504 1846 1556 Cum
1884 1502 2016 1555 mihi
2039 1521 2104 1578 91

304 1575 532 1630 comoedi
555 1593 768 1646 quoque
793 1576 1004 1647 peffime
1035 1574 1206 1626 facere
1243 1574 1536 1641 videantur,
1559 1573 1673 1645 qui,
1700 1574 1898 1626 etiamsi
1923 1574 2018 1646 ju-

304 1666 494 1702 venem
536 1658 716 1718 agant,
743 1664 865 1699 cum
900 1656 1078 1698 tamen
1110 1646 1164 1696 in
1203 1645 1527 1716 expofitione
1552 1656 1646 1697 aut
1670 1645 1803 1697 senis
1828 1646 2019 1711 sermO,
2055 1650 2068 1655 ‘

305 1721 446 1772 utin
475 1718 693 1788 Hydriae
720 1717 942 1788 prologo,
968 1727 1060 1769 aut
1095 1715 1350 1780 mulieriS‚
1379 1727 1442 1768 ut
1480 1716 1534 1768 in
1575 1717 1785 1788 Georgo,
1811 1715 2020 1782 incidit,

305 1788 532 1843 tremula
568 1789 652 1840 vel
691 1789 990 1840 effeminata
1026 1805 1154 1839 voce
1191 1787 1552 1857 pronuntiant.
1625 1787 1785 1839 Adeo
1821 1787 1877 1839 in
1914 1786 2022 1841 illis

305 1878 523 1931 quoque
546 1861 618 1911 est
642 1857 819 1931 aliqua
848 1858 1030 1911 vitiosa
1051 1857 1300 1924 imitatio,
1327 1876 1552 1928 quorum
1578 1876 1659 1910 ars
1691 1858 1865 1911 omn-is
1888 1877 2020 1911 con-

304 1933 400 1984 stat
423 1930 738 1983 imitatione.
811 1931 899 1981 Est
922 1939 1102 1981 autem
1129 1929 1306 2000 gestus
1332 1929 1424 1981 ille
1448 1928 1679 1985 maxime
1702 1930 2020 1995 communiS‚
2044 1951 2112 2008 92

305 2020 413 2072 quo
438 2001 648 2054 medius
671 2000 876 2072 digitus
901 1999 957 2052 in
991 1999 1237 2070 pollicem
1271 2001 1601 2053 contrahitur
1631 2000 1892 2072 explicitis
1926 2001 2023 2053 tri-

305 2074 427 2138 buS‚
466 2083 521 2125 et
557 2072 828 2144 principiis
864 2070 1015 2124 utilis
1053 2089 1175 2123 cum
1216 2071 1323 2124 leni
1346 2082 1367 2103 ‘¹
1407 2072 1463 2125 in
1502 2082 1784 2143 utramque
1825 2082 2026 2142 partem

306 2155 462 2196 motu
486 2142 697 2195 modice
722 2142 976 2214 prolatuS,
1004 2142 1154 2194 fimul
1190 2142 1365 2213 capite
1389 2154 1549 2213 atque
1581 2142 2026 2198 humerisrsenfim
2097 2172 2101 2179 ·

305 2215 371 2267 ad
409 2214 483 2280 id,
509 2225 659 2285 quo⁰
694 2232 883 2266 manus
917 2212 1133 2278 feratur,
1160 2214 1683 2267 obsecundantibus:
1724 2226 1779 2266 et
1813 2214 1868 2266 in
1903 2233 2024 2266 nar-

306 2286 470 2338 rando
509 2295 701 2348 certuS,
737 2284 824 2336 sed
871 2294 987 2336 tum
1029 2284 1210 2355 paullo
1251 2285 1593 2356 productior:
1648 2295 1704 2338 et
1739 2285 1794 2337 in
1835 2303 2024 2356 expro-

306 2355 510 2409 brando
547 2367 603 2408 et
644 2355 917 2427 arguendo
955 2373 1075 2407 acer
1111 2366 1271 2426 atque
1314 2357 1527 2409 inflans.
1600 2357 1842 2428 Longius
1882 2356 2022 2409 enim
2047 2380 2112 2436 93

307 2427 544 2499 partibus
562 2426 652 2490 his
676 2437 731 2478 et
752 2426 971 2479 liberius
996 2426 1264 2480 exseritur.
1338 2427 1541 2480 Vitiose
1563 2446 1688 2480 vero
1712 2427 1853 2480 idem
1882 2428 2024 2480 finis-

307 2510 450 2551 trum
491 2498 628 2568 quasi
671 2497 955 2550 humerum
994 2498 1178 2568 petens
1216 2498 1270 2549 in
1313 2492 1452 2550 latus
1493 2497 1581 2570 agi
1618 2498 1786 2552 solet:
1833 2518 2025 2570 quam-

308 2588 466 2639 quam
507 2568 684 2620 adhuc
717 2568 870 2640 pejus
907 2567 1074 2639 aliqui
1113 2569 1452 2622 transversum
1487 2569 1762 2623 brachium
1787 2581 1809 2613 Ρ
1851 2571 2027 2642 profe·

308 2651 452 2704 runt,
478 2649 534 2690 et
569 2639 751 2691 cubito
775 2640 1136 2710 pronuntiant.
1209 2642 1575 2713 Duoquoque
1598 2641 1760 2693 medii
1786 2641 1883 2693 sub
1907 2642 2025 2712 pol-

310 2711 471 2763 licem
496 2709 748 2762 veniunt:
788 2720 842 2763 et
875 2709 946 2762 est
977 2709 1067 2764 hic
1102 2710 1279 2765 adhuc
1314 2713 1485 2782 priore
1519 2712 1696 2783 gestus
1735 2713 2025 2778 instantior,

308 2779 565 2852 principio
603 2790 657 2832 et
691 2780 974 2833 narrationi
1010 2800 1116 2834 non
1145 2782 1598 2836 accommodatus
1669 2783 1747 2836 At
1771 2801 1896 2836 cum
1920 2795 2026 2836 tres
2049 2806 2119 2861 94

310 2850 567 2905 contraisti
589 2849 782 2921 pollice
804 2863 1137 2922 premuntur,
1165 2864 1320 2907 tum-‘³
1355 2854 1560 2925 digitus
1593 2853 1706 2921 ille,
1731 2873 1841 2926 quo
1874 2855 2041 2909 usum‘

355 3043 389 3065 ¹¹¹
421 3039 491 3080 fibi
511 3039 563 3079 G.
664 3043 694 3067 Ὢ
722 3035 800 3079 tevi
820 3040 872 3080 G.
979 3045 998 3065 ⁰
1029 3043 1136 3092 quod
1155 3043 1206 3082 G.
1312 3047 1332 3075 Ρ
1358 3042 1522 3082 brachio
1537 3043 1643 3089 Jens.
1753 3047 1771 3075 ‘³
1804 3055 1900 3084 cum
1920 3043 1971 3083 id.
2009 3098 2017 3107 .

372 3208 444 3261 89.
490 3217 521 3244 a
538 3200 762 3261 saltatore]
805 3201 908 3245 Vid.
942 3201 1062 3260 supra
1094 3203 1126 3247 s.
1210 3219 1374 3248 manam
1393 3205 1737 3248 consuetudinem.

313 3266 388 3306 66.
418 3260 540 3304 Add.
560 3274 657 3302 mox
675 3260 707 3302 s.
731 3276 804 3315 91.
826 3260 876 3302 it.
902 3263 1002 3302 128.
1271 3278 1342 3318 94.
1365 3262 1515 3319 digitus
1531 3262 1629 3317 ille]
1647 3265 1742 3306 Cic.
1764 3263 1813 3306 de
1833 3265 1956 3306 Orat.
1979 3279 2023 3317 α,

373 3334 447 3376 90.
478 3316 600 3361 Stetit
601 3317 801 3376 soleatus]
834 3319 928 3373 Jam
947 3316 1131 3360 laudavit
1210 3333 1287 3373 45,
1318 3336 1367 3364 ex
1393 3321 1558 3378 persona
1586 3322 1783 3372 Antonii,
1807 3324 1917 3380 Qae
1941 3334 2024 3365 me:-

314 3383 359 3429 8,
383 3394 424 3432 3,
457 3379 530 3428 64,
559 3389 609 3418 ex
637 3377 755 3419 Verr.
792 3391 834 3431 5,
859 3391 927 3430 33.
990 3376 1130 3418 Caede-
1210 3375 1367 3420 hercule
1393 3393 1478 3434 ego,
1500 3378 1650 3436 Craffl’,
1668 3394 1756 3422 cum
1785 3394 1815 3420 a
1842 3389 1883 3422 te
1911 3387 2024 3423 trac-

309 3435 437 3479 hatur
455 3435 574 3475 Verr.
601 3446 642 3497 5,
664 3435 737 3476 62.
1210 3443 1356 3478 tantur
1381 3438 1425 3478 in
1443 3435 1582 3490 causis,
1603 3436 1767 3479 horrere
1771 3437 1878 3495 soleo
1894 3456 1907 3480 .-
1929 3445 2025 3480 tan-

373 3509 447 3549 91·
476 3490 880 3549 Hydrtae—Georgo]
909 3490 1129 3534 Menandri
1211 3500 1258 3534 ta
1286 3494 1359 3536 ‘vis
1387 3493 1530 3543 animi,
1560 3502 1700 3537 tantus
1726 3494 1912 3551 impetus,
1929 3504 2025 3551 tan„-

305 3550 547 3595 fabularum
584 3549 767 3598 nomina,
804 3562 878 3592 nec
922 3550 1131 3605 praeterita
1211 3558 1276 3592 tus
1294 3551 1416 3602 dolor,
1436 3550 1570 3602 oculis,
1589 3552 1730 3603 vultu,
1741 3553 1870 3618 gestu,
1890 3554 2027 3610 digito

309 3609 521 3659 Fabricio,
539 3605 822 3650 transsatarum
849 3603 954 3650 forte
978 3607 1019 3652 ‘m
1038 3606 1128 3651 Ro·
1209 3608 1376 3668 denique
1394 3610 1468 3653 isto
1487 3620 1561 3653 tuo
1568 3609 1792 3667 figmjficarz
1797 3609 1901 3670 solet
1922 3611 2015 3668 &cg
