2320 4030
638 342 922 394 ΙΝεΤῙΤ.
956 340 1303 395 ORATOR.
1338 343 1478 393 Lm.
1514 343 1604 393 nt⁴
1627 361 1674 407 4.
1926 358 2021 413 145

285 496 413 552 pere
437 488 599 552 atque
624 479 768 534 eludi
786 483 811 516 ⁴¹
845 478 1021 547 decet,
1048 480 1137 534 sed
1161 475 1323 533 etiam
1360 479 1416 532 in
1454 477 1539 546 iis,
1565 499 1691 551 quae
1716 500 1826 536 non
1851 483 2015 538 dubie

285 562 539 605 contexta
558 563 578 585 ⁶
615 552 756 617 sunt,
782 571 884 606 nec
919 552 1256 623 respiratione
1279 561 1528 616 utuntur,
1553 551 1794 624 spiritum
1815 555 1831 586 f
1867 556 2013 609 susti-

193 622 263 678 68
287 641 495 677 nemuS.
553 623 716 677 Quis
749 625 894 676 enim
935 623 1167 689 dubitet,
1192 641 1359 676 unum
1385 622 1591 675 sensum
1628 634 1684 675 et
1720 625 1878 679 unius
1910 627 2012 697 spi-

202 757 207 762 ·
283 693 417 747 ritus
440 694 561 758 effe,
589 695 971 760 Animadverti,
987 694 1204 767 judices,
1231 713 1413 746 omnem
1437 695 1726 767 accusatoris
1750 699 2014 750 orationem

282 765 338 817 in
362 767 490 818 duas
512 766 726 837 divisam
748 767 837 838 effi
867 776 1034 837 partes
1053 768 1085 818 ,2
1120 776 1299 817 tamen
1326 775 1382 817 et
1416 765 1525 818 duo
1598 765 1729 818 rima
1752 769 1927 833 verba,
1957 783 2013 823 et

282 836 385 889 tria
424 835 681 907 proxima,
708 848 764 888 et
804 836 1056 908 deinceps
1098 837 1207 889 duo
1247 836 1440 902 rursusi,
1466 854 1528 888 ac
1592 837 1685 904 ria,
1712 838 1830 890 suos
1867 842 2011 910 quasi

283 925 536 960 numeros
561 907 782 960 habent.
857 907 985 960 1111ss
1022 908 1170 964 velut
1205 907 1404 959 occulti
1441 907 1675 979 gradus:
1717 909 1846 962 ficut
1870 911 2012 981 apud

191 981 260 1052 69
283 979 572 1048 rhythmicos
599 979 940 1032 aestimantur.
1013 980 1119 1032 Hae
1145 978 1436 1050 particulae,
1463 990 1624 1050 prout
1647 978 1767 1032 sunt
1796 994 2009 1053 graves,

194 1107 196 1110 .
282 1069 439 1114 acrae,
465 1050 633 1116 lentae,
659 1052 851 1115 celeres,
877 1050 1104 1122 remiffae‚
1131 1050 1426 1122 exsultantes
1443 1073 1460 1115 3
1488 1050 1707 1122 proinde
1731 1051 1788 1105 id
1799 1056 1841 1117 ¹¹,
1864 1055 2010 1125 quod

211 1117 216 1122 ’
245 1116 251 1123 ’
281 1138 348 1173 ex
387 1121 494 1173 illis
534 1123 835 1188 conficitur,
860 1133 954 1174 aut
976 1123 1232 1193 severum,
1259 1131 1352 1173 aut
1389 1119 1711 1192 luxuriosum,
1743 1134 1837 1176 aut
1879 1146 2008 1196 qua-

192 1207 261 1263 70
282 1192 509 1254 (iratum,
531 1205 623 1245 aut
640 1194 867 1264 solutum
891 1193 991 1246 erit
1011 1192 1045 1246 ¹.
1121 1192 1387 1246 Quaedam
1412 1192 1575 1244 etiam
1611 1193 1856 1246 clausulae
1890 1197 2010 1250 sunt

282 1263 486 1316 claudae
512 1277 672 1334 atque
697 1265 1012 1337 pendenteS,
1039 1264 1072 1316 fi
1095 1263 1467 1335 ‚relinquantur
1487 1284 1502 1328 3
1543 1263 1630 1315 sed
1668 1264 2010 1336 sequentibus

241 1333 466 1406 “suscipi
490 1353 554 1388 ac
585 1337 817 1388 sustineri
842 1335 1042 1388 solent:
1082 1353 1258 1406 eoque
1288 1334 1450 1400 faetO,
1477 1333 1690 1399 vitium,
1720 1338 1866 1407 quod
1896 1351 2010 1391 erat

281 1406 338 1458 in
386 1406 508 1469 fine,
538 1407 870 1460 continuatio
907 1406 1177 1459 emendat.
1252 1405 1399 1458 Νοη1
1439 1404 1556 1458 vult
1598 1407 1662 1459 P.
1690 1407 1754 1460 R.
1795 1408 2012 1479 obsoletis

280 1477 568 1530 criminibus
611 1479 834 1552 accusari
878 1478 1111 1531 Verrem.-
1157 1476 1374 1543 durum,
1410 1477 1443 1528 fi
1480 1477 1716 1530 definas:
1756 1478 1846 1532 sed
1886 1499 2010 1534 cum

280 1549 354 1601 est
396 1550 772 1603 continuatum
818 1549 904 1615 iis,
943 1567 1063 1620 quae
1106 1548 1419 1620 sequuntur,
1452 1567 1777 1620 quamquam
1821 1563 2010 1606 natura

281 1617 391 1690 ipsa
434 1619 597 1673 divisa
634 1621 751 1686 fint,
787 1620 942 1674 Nova
980 1619 1214 1693 postulat,
1248 1620 1484 1672 inaudita
1522 1621 1767 1691 desiderat
1789 1644 1806 1674 .·
1843 1623 2012 1678 salvus

190 1707 255 1763 71
282 1692 353 1743 est
376 1693 578 1744 cursus.
660 1692 730 1746 Ut
763 1694 936 1758 adeas,
965 1702 1159 1744 tantum
1184 1691 1367 1744 dabis:
1404 1690 1545 1744 male
1570 1692 1845 1746 eluderet:
1886 1715 2012 1749 nam

281 1772 340 1815 et
361 1763 587 1816 trimetri
616 1764 792 1817 versus
815 1782 936 1836 pars
959 1763 1149 1817 ultima
1171 1763 1243 1834 est
1268 1783 1282 1814 ε
1322 1762 1540 1834 excipit,
1571 1763 1641 1816 Ut
1671 1765 1830 1829 cibum
1866 1767 2013 1838 vesti-

282 1843 479 1906 tumque
512 1834 776 1906 introferre
815 1836 982 1902 liceat,
1009 1845 1202 1888 tantum
1221 1855 1238 1887 .-
1275 1852 1508 1905 praeceps
1547 1834 1746 1901 adhuc,
1774 1837 2011 1892 firmatur

190 1919 258 1978 72
281 1922 344 1957 ac
367 1906 648 1959 sustinetur
671 1907 862 1959 ultima
884 1917 939 1972 ¹¹¹,
967 1907 1244 1979 Reczfsabat
1267 1925 1419 1978 nemo,
1493 1906 1718 1959 Versum
1739 1917 1761 1940 ¹¹
1794 1909 1849 1960 in
1888 1928 2007 1962 ora-

269 1977 430 2029 ··tione
469 1977 600 2043 fieri,
626 1978 801 2031 multo
838 1977 1181 2031 foediffimum
1202 1984 1223 2003 ⁰
1263 1978 1355 2041 est,
1381 1988 1555 2029 totum
1574 1997 1592 2042 ·;
1634 1977 1804 2030 ficut¹>
1847 1981 2007 2039 etiam

277 2047 336 2100 in
427 2059 526 2115 rte,
552 2048 826 2102 deforme:
869 2051 1058 2122 utique
1083 2050 1115 2100 fi
1143 2066 1260 2120 pars
1283 2048 1534 2120 posterior
1558 2048 1613 2102 in
1651 2048 1884 2103 clausula
1914 2053 2010 2106 de-

276 2137 370 2190 pre
409 2120 655 2186 endatur,
681 2134 776 2174 aut
804 2123 979 2174 rursus
998 2131 1021 2164 ‘1
1052 2121 1196 2191 prior
1231 2120 1284 2171 in
1322 2119 1571 2191 ingreffu.
1644 2122 1791 2182 Nam
1829 2123 2008 2194 quod‘

277 2190 578 2258 estrcontra‚
605 2193 742 2265 saepe
765 2193 927 2246 etiam
961 2193 1135 2256 decet,
1158 2191 1282 2262 quia
1305 2202 1362 2243 et
1381 2201 1396 2222 ⁵
1433 2189 1633 2243 cluditt
1669 2191 1883 2246 interim
1908 2214 2006 2267 op-

277 2262 412 2316 time
430 2272 449 2295 ¹¹
486 2264 655 2334 prima
677 2281 794 2336 pars
819 2265 1012 2330 versuS,
1039 2262 1169 2316 dum
1194 2264 1332 2314 intra
1402 2280 1561 2314 aucas
1598 2263 1841 2333 syllabaS,
1868 2284 2007 2337 prae-

188 2347 253 2408 73
278 2333 436 2406 cipue
459 2334 645 2389 senarii
669 2347 831 2408 atque
855 2334 1132 2393 oe'ionarii.
1207 2334 1269 2386 In
1293 2334 1348 2389 A
1371 2333 1658 2406 ricafug‘ffe,
1685 2334 1900 2389 initium
1926 2338 2006 2391 se-

331 2489 350 2515 d
383 2462 541 2531 includi*
556 2492 609 2532 G.
626 2491 767 2532 Jens..
879 2495 897 2515 e
930 2498 1042 2530 cont.
1063 2491 1152 2530 runt
1170 2505 1241 2531 om.
1261 2491 1314 2538 Q.
1455 2486 1474 2515 f
1497 2489 1565 2528 Sic
1583 2491 1634 2530 G.
1654 2476 1699 2530 ir.
1723 2476 1954 2532 mla-tiber
1971 2504 2008 2534 et

280 2542 375 2598 Voffi
395 2558 432 2586 2.
462 2546 520 2585 illi
542 2547 603 2586 vel
621 2546 771 2587 occulti
789 2546 948 2596 gradus.
975 2546 1066 2596 quis
1085 2545 1152 2584 rel.
1334 2548 1353 2574 δ
1382 2541 1450 2582 Sic
1467 2544 1592 2593 iidem.
1618 2545 1799 2596 spiritum
1820 2546 1919 2587 ficut
1938 2549 2006 2589 rel.

278 2598 300 2623 ¹¹
333 2599 442 2639 idem
461 2600 514 2640 G.
676 2598 687 2625 ἱ
718 2614 788 2639 om.
809 2599 861 2641 G.
1023 2597 1034 2624 ¹
1066 2595 1205 2640 Nollet
1222 2597 1275 2639 G.
1301 2590 1501 2638 Nondum
1517 2595 1624 2638 Jens.
1800 2605 1831 2625 ¹¹²
1859 2599 1933 2641 om.
1954 2603 2006 2643 G.

277 2656 299 2676 ¹¹
329 2651 495 2693 Verrem
514 2666 638 2695 omne
656 2654 741 2694 fieri
759 2654 811 2694 G.
839 2665 963 2693 nemo
982 2653 1026 2693 in
1043 2655 1222 2692 oratione
1241 2653 1326 2692 fieri
1341 2652 1450 2692 Jens.
1502 2696 1506 2702 ¹
1587 2652 1620 2675 ¹0
1646 2652 1881 2695 fidiffimum
1898 2656 2005 2696 Jens.

275 2710 297 2739 Ρ
324 2705 389 2746 sed
407 2707 460 2746 id.
478 2707 570 2750 sunt
588 2708 640 2748 G.
752 2714 770 2741 ί1
804 2707 910 2748 visus
928 2707 979 2747 G.
998 2707 1132 2747 versus
1148 2701 1257 2748 Jens.
1310 2709 1313 2712 ’
1365 2715 1381 2736 ¹
1411 2706 1576 2758 quidem
1595 2706 1735 2747 c'ontm
1753 2708 1804 2748 G.
1889 2717 1901 2736 ⁵
1935 2725 2006 2751 om.

274 2761 329 2801 G.
434 2759 454 2793 *t
483 2769 525 2801 et
539 2762 608 2816 itfi
628 2762 679 2803 G.
697 2762 804 2802 Jens.
912 2768 933 2791 ¹¹
960 2774 1030 2802 om.
1051 2759 1104 2802 G.
1167 2822 1171 2823 ⁷

333 2899 409 2950 67.
442 2895 641 2956 spiritum
673 2896 940 2957 fiestinemus]
985 2897 1098 2940 Cum
1241 2910 1314 2948 72.
1339 2895 1502 2963 Versum
1507 2895 1632 2954 fieri]
1652 2897 1756 2940 Vid.
1774 2897 1873 2943 ads.
1889 2915 1962 2955 52.

273 2955 462 2999 audieret
499 2956 624 3011 hujus
671 2957 931 3006 mutationis,
969 2970 1098 3012 quam
1241 2969 1313 3006 72.
1344 2963 1445 3012 q'uza
1474 2963 1516 2997 et
1532 2954 1678 3008 cludit]
1710 2958 1825 3000 Huic
1852 2965 1894 3000 et
1917 2959 2005 3016 post

274 3013 399 3072 supra
430 3014 631 3066 indicavi,
651 3014 824 3057 habeam
856 3028 937 3056 non
967 3013 1098 3057 infiti-
1179 3009 1352 3070 longum
1382 3012 1478 3055 satis
1508 3012 1767 3056 intervallum
1792 3015 2004 3073 respondet

274 3072 420 3123 andos,
440 3071 546 3115 nihil
574 3088 680 3130 opus
699 3072 774 3116 effi:
798 3072 962 3116 videtur
984 3071 1099 3114 aliud
1179 3068 1212 3113 s.
1245 3072 1303 3123 54
1342 3070 1398 3112 Et
1430 3069 1592 3113 ultima.
1644 3073 1710 3114 Sic
1743 3073 1863 3130 supm
1890 3077 1933 3124 6,
1958 3090 2000 3128 3,

273 3129 330 3172 ad
350 3130 605 3188 probandam
622 3144 713 3175 eam
736 3130 905 3174 arbitris
923 3129 1098 3180 idoneis,
1179 3142 1256 3183 40,
1276 3128 1333 3171 Et
1349 3140 1379 3170 a
1396 3127 1697 3173 Cicerone—Et
1716 3130 1882 3173 Coelius.
1934 3134 2001 3176 Sic

275 3187 350 3231 nifi
369 3197 417 3231 ut
435 3197 658 3246 utramque
673 3189 874 3233 rationem
893 3187 967 3246 ipsi
994 3188 1101 3231 inter
1185 3199 1255 3236 11,
1281 3202 1333 3246 ιι,
1366 3188 1444 3240 4-6.
1480 3186 1541 3245 sq.
1592 3188 1658 3230 Sic
1693 3187 1843 3231 Cicero
1876 3191 1999 3235 Orat.

274 3245 317 3290 se
342 3255 599 3304 comparent,
618 3257 660 3289 et
686 3257 782 3289 utra
804 3246 1034 3296 candidior,
1053 3245 1099 3288 id
1180 3254 1254 3297 70,
1287 3256 1355 3301 pr.
1408 3243 1628 3303 'Qantum
1657 3254 1797 3288 autem
1813 3246 1871 3302 fit
1902 3256 1999 3305 apte

275 3303 332 3347 est
361 3303 531 3363 dignior
565 3305 700 3348 Fabio
729 3304 938 3356 videatur,
962 3304 1098 3348 existi·
1178 3300 1328 3352 dicere,
1348 3301 1533 3358 experiri
1559 3301 1667 3352 licet,
1681 3303 1724 3357 fi
1749 3311 1826 3345 aut
1847 3314 1998 3363 compo-

274 3370 408 3406 ment.
472 3394 481 3407 -,
840 3403 845 3406 ,
1165 3358 1242 3415 fiti
1251 3360 1463 3403 —deinde
1547 3360 1579 3402 st
1607 3360 1778 3418 longum
1805 3362 1999 3407 interval-

334 3423 408 3463 68.
430 3419 749 3474 Animadverti]
770 3419 1030 3479 Principium
1047 3433 1095 3462 o·
1177 3417 1267 3460 lum
1285 3427 1327 3461 et
1343 3433 1490 3474 exemp
1506 3432 1530 3460 a
1559 3418 1736 3475 aliquot,
1756 3427 1833 3461 aut
1850 3421 1895 3475 fi
1919 3422 1999 3464 ali-

273 3478 448 3521 rationis
466 3494 542 3537 pro
560 3478 773 3522 Cluentio.
814 3477 904 3522 Non
922 3477 1022 3521 vult
1042 3478 1094 3523 P.
1176 3476 1293 3532 cujus
1328 3475 1520 3520 inconditi
1555 3476 1742 3533 arripias
1772 3476 1997 3536 dtffpatam

273 3534 468 3643 macic.
507 3538 628 3592 Verr.
672 3552 714 3592 ς,
746 3549 824 3591 44.
877 3537 934 3580 Ut
964 3535 1094 3588 adeas
1178 3534 1262 3579 διο.
1306 3536 1423 3594 Saepe
1440 3535 1500 3579 ita
1519 3534 1679 3579 Noster.

272 3593 335 3636 ibi
370 3623 382 3636 .
402 3601 553 3648 455*

350 3666 500 3720 yon.
530 3667 609 3705 11.
1179 3664 1215 3704 1.
