2320 4030
647 288 929 338 INSTIT.
965 287 1297 338 ORATOR.
1340 289 1480 338 LIB.
1513 290 1581 340 Χ.
1617 301 1663 353 7.

1915 306 1942 339 2
1954 307 2010 354 23

279 421 534 491 summaS,
562 423 661 478 five
687 425 1102 478 commentarios
1127 434 1183 477 et
1205 425 1399 496 capita,
1425 424 1691 478 conferre:
1720 424 1848 479 facit
1873 428 2019 482 enim

281 505 339 547 et
378 495 611 549 discendi
651 497 1037 568 negligentiam
1081 497 1197 549 haec
1234 496 1351 568 ipsa,
1386 495 1599 562 fiducia,
1638 508 1692 550 et
1727 497 1923 551 lacerat
1957 518 2021 553 ac

284 565 549 620 deformat
584 567 901 620 orationem.
976 569 1100 640 Ego
1124 577 1302 621 autem
1333 585 1400 618 ne
1435 566 1772 620 scribendum
1799 570 2021 640 quidem

284 649 437 759 Eum,
476 637 625 710 quod
674 639 804 707 [non
826 640 870 707 n]
919 638 1114 691 fimus⁰
1155 637 1417 691 memoria
1453 637 1800 709 prosecuturi.

1877 642 2021 694 Nam

327 708 378 761 ic
404 727 620 780 quoque
639 718 660 750 Ρ
690 708 904 774 accidit,
933 720 995 762 ut
1019 718 1232 762 revocet
1256 726 1356 762 nos
1391 709 1653 781 cogitatio
1688 709 1757 762 ad
1794 709 1887 763 illa
1910 712 2020 765 ela-

194 792 262 848 33
287 779 490 846 borata,
527 798 627 832 nec
659 780 788 832 sinat
818 780 1130 851 praesentem
1173 778 1441 832 fortunam
1479 779 1722 852 experiri.
1795 782 1887 836 Sic
1922 802 2020 835 an-

289 868 413 922 ceps
439 851 581 904 inter
604 851 891 932 utrumqpe
915 851 1125 904 animus
1153 852 1350 917 aestuat,
1377 869 1501 904 cum
1528 862 1584 905 et
1617 851 1805 922 scripta
1841 855 2020 925 perdi-

290 921 374 974 dit
394 932 436 987 q,
464 934 520 974 et
543 941 649 974 non
675 932 871 992 quaerlt
895 940 1051 975 nova.

1127 922 1235 975 Sed
1269 921 1337 975 de
1360 923 1621 976 memoria
1641 923 1928 979 destinatus
1954 927 2026 978 est

290 992 429 1046 libro
504 993 710 1046 roximo
747 992 918 1059 locu8,
955 1011 1054 1046 nec
1098 992 1228 1046 huic
1268 994 1407 1066 parti
1445 993 1865 1066 subjungendu8‚
1898 997 2025 1068 quia

289 1064 413 1118 sunt
436 1082 467 1118 a
490 1064 539 1118 ia
563 1065 712 1136 prius
738 1064 893 1118 nobis
916 1064 1162 1118 dicenda.

347 1215 368 1238 ¹¹
390 1209 470 1249 Hoc
488 1221 572 1249 non
592 1208 744 1262 irgseruit
762 1224 809 1248 ex
826 1208 919 1260 conj.
939 1209 1102 1260 Regium
1131 1208 1310 1249 retinuere
1326 1208 1419 1248 Ald.
1443 1208 1564 1249 Calin.
1583 1208 1629 1249 it.
1652 1208 1814 1262 Capper.

876 1270 895 1320 (ᾖ
927 1264 1057 1314 perdit
1075 1264 1129 1304 G.
1147 1264 1254 1303 Jens.

293 1275 389 1304 mus
407 1263 460 1304 G.
567 1269 588 1296 Ρ
613 1265 693 1303 hoc
714 1264 765 1302 G.

358 1414 430 1453 32.
464 1397 627 1441 lacerat
654 1412 708 1440 ac
735 1397 960 1453 deformat]
1005 1399 1118 1442 Cum

295 1457 406 1500 enim
439 1457 630 1514 quaedam
660 1471 818 1508 eorum,
845 1471 939 1514 quae
970 1457 1119 1516 scripta

296 1515 391 1558 sunt
422 1516 466 1558 in
497 1516 804 1563 commentariis
830 1515 1120 1573 amplioribuS,

297 1575 508 1617 memoriae
530 1573 670 1617 adhuc
698 1573 975 1624 obversentur,
1003 1589 1119 1632 quae-

297 1632 397 1675 dam
428 1632 667 1682 exciderint,
700 1631 890 1690 quaedam
924 1647 974 1675 ex
1003 1642 1121 1691 parte

297 1699 463 1734 tantum
486 1690 525 1733 se
552 1690 773 1740 ostendant,
794 1701 1085 1748 emergantque
1104 1709 1115 1734 ι

299 1749 398 1792 hinc
417 1757 596 1792 tenorem
625 1749 822 1792 orationis
850 1749 1032 1792 multum
1057 1750 1120 1792 in·

300 1805 523 1865 terpellari,
538 1821 586 1849 ac
601 1805 968 1850 diffimilitudinem
988 1821 1120 1865 quan-

299 1865 400 1908 dam
419 1866 518 1908 oriri
544 1865 692 1908 necesse
717 1865 787 1915 est,
807 1866 910 1922 quin
941 1866 1013 1909 illa
1030 1880 1122 1909 con-

301 1923 503 1967 currentis
528 1922 610 1966 oris
636 1924 740 1966 vitia
757 1923 937 1976 existere,
956 1925 1008 1969 de
1025 1925 1123 1982 qui-

299 1983 381 2027 bus
406 1997 476 2033 11,
501 1996 541 2036 3,
567 1997 665 2025 121.

1919 1215 1943 1236 0
1962 1211 2027 1253 su-

1251 1413 1273 1452 3
1280 1413 1304 1440 2
1312 1430 1323 1441 .
1336 1398 1444 1456 quod
1451 1397 2021 1458 [non]stmus—profi’cuturi]

1201 1458 1298 1500 Non
1317 1458 1452 1508 video,
1468 1454 1544 1514 qui
1559 1457 1687 1500 abeffe
1706 1457 1823 1516 poffit
1841 1461 2025 1516 negatio.

1202 1517 1269 1558 Ex
1300 1515 1517 1574 discipiina
1549 1516 1673 1559 Fabii
1706 1525 1782 1558 aut
1814 1516 2026 1561 scribenda

1201 1574 1258 1616 est
1288 1573 1413 1624 affio,
1446 1584 1487 1616 et
1521 1575 1722 1617 m‘emoria
1754 1574 2027 1632 compleSten-

1202 1631 1285 1675 da:
1316 1641 1409 1682 aut,
1429 1631 1456 1674 fi
1487 1631 1566 1674 hoc
1599 1632 1690 1675 fieri
1716 1648 1788 1690 per
1817 1634 2024 1690 angustias

1203 1691 1399 1748 temporis
1436 1704 1519 1732 non
1554 1690 1690 1748 poffit,
1730 1706 1780 1734 ne
1818 1691 2028 1736 scribenda

1202 1749 1388 1806 quidem.
1435 1750 1530 1791 Hoc
1563 1758 1652 1791 toto
1689 1750 1824 1807 capite
1853 1749 1905 1793 de
1938 1766 2024 1794 me-

1203 1807 1335 1849 moria
1372 1820 1443 1858 11,
1476 1823 1519 1857 2,
1554 1807 1751 1850 inculcat.
1804 1808 1898 1852 Hoc
1937 1810 2026 1866 ipsa

1204 1865 1272 1908 hic
1293 1865 1412 1908 series
1440 1867 1572 1922 cogit.
1625 1865 1774 1909 Inclufi
1804 1875 1956 1918 tamen,
1977 1877 2025 1910 ut

1203 1923 1332 1966 leftor
1361 1932 1478 1965 tanto
1509 1921 1675 1967 facilius
1706 1934 1934 1977 moneatur,
1957 1925 2034 1975 hic>

1206 1991 1411 2025 tentatum
1425 1981 1585 2039 aliquid
1606 1992 1748 2026 contra
1762 1982 1908 2027 libros.
