2320 4030
350 385 456 420 ‘212
726 372 801 421 M.
838 371 1044 423 FABII
1082 368 1656 422 QUINCTILIANI

347 499 542 559 cium:
582 525 668 573 an,
700 508 995 581 oporteatne
1030 509 1359 580 instdiatorem
1395 502 1626 577 interfici,
1649 507 1738 560 vel
1769 507 1772 514 ’
1806 506 2086 580 ενηὶσὶρρἱηι

342 578 644 649 ·rez'publicae
667 580 841 644 civem,
869 581 1081 650 etiamst
1099 601 1196 632 non
1222 580 1474 650 irficlietur
1494 581 1525 630 ἒ
1566 579 1686 631 Cato
1714 580 1760 631 lv
1785 578 1972 631 arciam
1996 582 2085 632 ho-

359 647 543 720 nestene
566 650 831 702 tradiderit
862 651 1121 718 Hortensio
1144 666 1162 703 ’.·
1210 670 1296 714 an,
1335 649 1671 702 Conveniatne
1703 670 1779 702 res
1817 648 1934 702 talis
1970 650 2087 703 bono

359 721 526 771 viro?
569 722 656 774 De
693 721 924 792 personis
959 713 1249 794 judicatur,
1287 721 1375 774 sed
1413 721 1481 773 de
1524 721 1683 772 rebus
1722 720 2083 774 contenditur.

346 791 793 844 vDeclamationes
829 811 972 857 vem,
1001 793 1180 865 quales
1203 793 1258 845 in
1283 792 1478 845 scholis
1514 791 1787 844 rhetorum
1814 791 2084 856 dicuntur,
2111 804 2180 857 14

361 861 395 914 fi
436 862 599 914 modo
636 863 756 916 sunt
790 862 856 914 ad
893 863 1169 917 veritatem
1208 861 1646 927 accommodatae,
1673 873 1730 914 et
1758 862 2087 915 orationibus

360 932 572 997 fimileS,
602 951 707 985 non
746 945 954 1002 tantu-m
981 935 1110 986 dum
1136 934 1385 987 adolescit
1408 931 1695 1004 profetam,
1723 933 1844 985 sunt
1878 933 2086 987 utiliffi-

361 1021 486 1067 rnre,
513 1023 634 1074 quae
675 1005 1032 1058 inventionem
1069 1017 1125 1059 et
1159 1004 1545 1076 dispositionem
1588 1004 1780 1075 pariter
1820 1013 2087 1069 exercent,

337 1074 448 1126 -sed
485 1076 644 1127 etiam
692 1094 814 1128 cum
855 1077 926 1128 est
967 1077 1382 1140 consummaturi,
1409 1094 1472 1128 ac
1497 1074 1612 1147 jam
1651 1075 1705 1127 in
1743 1074 1860 1126 foro
1897 1074 2087 1131 clarus,

360 1145 545 1198 Alitur
585 1146 729 1199 enim
771 1158 930 1218 atque
967 1147 1227 1214 enitescit,
1271 1163 1482 1200 VELUT
1522 1146 1721 1217 pabulo
1757 1145 1981 1211 laetiore,
2006 1145 2087 1198 fa-

339 1217 578 1283 cundia,
613 1229 666 1270 et
702 1218 894 1271 aflidua
924 1219 1331 1272 contentionum
1368 1218 1641 1288 asperitate
1677 1216 1898 1288 fatigata
1932 1235 2087 1270 reno-

363 1299 532 1340 vatur.
631 1291 968 1361 Quapropter
1018 1290 1243 1342 historiae
1291 1307 1698 1359 nonnumquam
1760 1289 1976 1340 ubertas
2032 1287 2088 1341 in
2115 1297 2179 1356 15

363 1359 545 1430 aliqua
573 1361 852 1413 exercendi
880 1361 974 1413 stili
1000 1373 1147 1433 parte
1171 1361 1434 1431 ponenda,
1462 1370 1515 1412 et
1551 1359 1884 1430 dialogorum
1922 1357 2087 1413 liber-

361 1441 473 1483 tate
501 1432 850 1502 gestiendum.
924 1434 1012 1484 Ne
1037 1433 1270 1485 carmine
1331 1431 1508 1483 uidem
1549 1430 1735 1483 ludere
1766 1430 2089 1483 contrarium

362 1500 557 1554 fuerit:
623 1520 811 1556 smUT
863 1503 1103 1568 athletae,
1149 1452 1351 1556 remissa
1400 1500 1711 1573 quibusdam
1761 1501 2090 1572 temporibus

340 1573 601 1625 -ciborum
654 1585 816 1645 atque
856 1575 1292 1627 exercitationum
1339 1586 1484 1626 certa
1522 1573 1841 1636 necestitate,
1879 1573 1993 1625 otio
2035 1583 2091 1626 et

339 1642 769 1714 -jucundioribus
811 1646 981 1716 epulis
1019 1647 1347 1699 reficiuntur.
1423 1645 1656 1715 ideoque
1705 1642 1838 1697 mihi
1882 1643 2090 1696 videtur
2118 1642 2184 1693 16

335 1717 449 1767 ·M.
484 1715 689 1768 Tullius
725 1727 933 1768 tantum
972 1717 1200 1771 intulisse
1242 1716 1561 1786 eloquentiae
1605 1715 1807 1780 lumen,
1843 1714 1990 1786 quod
2034 1714 2089 1767 in

337 1786 462 1838 ·hos
489 1805 706 1858 quoque
742 1787 1028 1840 studiorum
1070 1788 1290 1841 secessus
1326 1788 1574 1840 excurrit.
1650 1787 1792 1839 Nam
1830 1786 1896 1838 fii
1933 1785 2091 1839 nobis

362 1856 471 1909 sola
507 1859 727 1910 materia
767 1859 929 1911 fuerit
968 1878 1034 1911 ex
1073 1859 1277 1926 litibuS,
1311 1858 1514 1911 neceffe
1558 1858 1646 1923 est,
1692 1874 2088 1912 Dareum-uu

339 1927 563 2000 fulgor,
601 1940 656 1981 et
696 1929 936 1983 durescat
976 1930 1250 1996 articuluS,
1289 1940 1345 1982 et
1385 1929 1493 1999 ipse
1536 1928 1627 1982 ille
1667 1947 1852 1981 mucro
1888 1928 2090 2001 ingenii

363 2000 678 2072 quotidiana
724 2020 906 2072 pugna
942 2002 1271 2054 retundatur.
1348 2000 1454 2054 Sed
1501 1999 1956 2072 quemadmodum
2004 1999 2088 2053 fo·
2118 2010 2180 2067 17

361 2071 595 2124 rensibus
621 2073 1000 2126 certaminibus
1027 2073 1359 2138 exercitatOS,
1386 2082 1441 2124 et
1466 2071 1606 2144 quasi
1644 2071 1965 2124 militantes¹
2002 2089 2089 2124 re-

363 2141 472 2212 ficit
497 2161 558 2194 ac
583 2155 785 2214 reparat
810 2143 925 2196 haec
950 2144 1096 2198 velut
1126 2145 1307 2216 sagina
1337 2142 1551 2196 dicendi
1574 2163 1587 2194 ε
1629 2143 1697 2194 fic
1734 2141 2092 2196 adolescentes

362 2231 470 2270 non
513 2213 714 2267 debent
751 2214 975 2268 nimium
1017 2216 1072 2273 in
1110 2215 1235 2269 falsa
1272 2233 1450 2267 rerum
1490 2213 1725 2285 imagine
1763 2212 2007 2280 detineri,
2036 2226 2092 2267 et

361 2283 611 2350 inanibus
648 2285 973 2339 simulacris:
1026 2288 1190 2359 usque
1225 2285 1378 2350 ade0,
1418 2295 1480 2338 ut
1519 2284 1737 2338 difficile
1775 2285 1843 2337 ab
1883 2285 1966 2338 his
2005 2284 2090 2338 di-

361 2355 557 2426 gressos
580 2357 640 2408 sit
661 2357 990 2422 assuefacere,
1008 2377 1077 2410 ne
1095 2359 1161 2411 ab
1177 2358 1285 2423 illa,
1303 2357 1357 2409 in
1383 2375 1490 2428 qua
1514 2372 1677 2428 prope
1702 2355 2090 2423 consenuerint,

370 2445 598 2489 UMBRA
633 2446 751 2485 vera
787 2427 1104 2494 discrimina,
1131 2430 1281 2483 velut
1314 2427 1598 2499 quemdam
1635 2427 1820 2493 solem,
1845 2427 2090 2480 reformi-

363 2497 535 2550 dentz
586 2499 732 2568 quod
769 2500 1010 2553 accidisse
1052 2501 1212 2553 etiarn
1255 2499 1438 2552 Porcio
1476 2498 1716 2563 Latroni,
1754 2498 1845 2570 qui
1890 2499 2091 2571 primus
2120 2496 2183 2548 18

338 2569 491 2621 clari
517 2571 749 2622 nominis
773 2570 1030 2642 professor
1049 2571 1167 2637 fuit,
1195 2571 1422 2623 traditur
1445 2585 1459 2622 ε
1499 2582 1561 2623 ut
1584 2589 1709 2623 cum
1735 2570 1806 2634 ei,
1833 2571 2091 2623 summam

366 2640 418 2690 in
447 2639 636 2692 scholis
663 2642 971 2712 opinionem
997 2642 1284 2707 obtinenti,
1311 2641 1480 2695 caussa
1506 2641 1558 2693 in
1586 2640 1700 2694 foro
1726 2641 1851 2694 effet
1874 2640 2092 2706 oranda,

366 2711 597 2781 impense
630 2712 856 2782 petierit,
884 2713 964 2766 uti
1001 2713 1239 2766 subsellia
1271 2713 1327 2765 in
1369 2712 1631 2765 basilicam
1666 2711 2092 2766 transferrentur.

367 2783 450 2844 Ita
476 2782 554 2834 illi
582 2782 777 2846 coelum
810 2803 1007 2840 novum
1033 2785 1156 2852 fuit,
1183 2796 1246 2838 ut
1269 2783 1444 2837 omnis
1468 2783 1582 2856 ejus
1618 2783 1926 2855 eloquentia
1959 2802 2091 2836 con·

366 2852 539 2906 tineri'
566 2856 710 2908 teeto
748 2874 810 2907 ac
843 2856 1131 2927 parietibus
1167 2855 1450 2910 videretur.
1525 2855 1707 2911 Quare
1733 2854 1974 2927 juveniS,
2037 2854 2094 2908 ui
2120 2869 2183 2925 19

309 2939 315 2945 ·
365 2926 627 2977 rationem
664 2925 970 2980 inveniendi
1012 2926 1407 3008 eloquendique
1444 2945 1476 2979 a
1516 2925 1931 2998 praeceptoribus
1968 2925 2022 2979 di
2047 2925 2094 2979 i-

365 3005 556 3075 genter
590 2997 869 3069 acceperit,
898 2986 1064 3070 (quod
1089 3017 1196 3050 non
1222 2999 1294 3051 est
1329 2996 1525 3050 mfiniti
1548 3008 1578 3030 ¹¹¹
1615 2997 1803 3068 operis,
1830 2997 1863 3050 si
1903 2995 2097 3051 docere

368 3066 535 3128 iciant
575 3080 631 3121 et
668 3068 892 3134 velintn)
924 3069 1355 3130 exercitationem
1394 3086 1609 3140 quoque
1645 3067 1909 3120 modicam
1936 3067 2098 3122 fuerit

367 3139 702 3207 consecutuS,
746 3150 1008 3209 oratorem
1050 3141 1144 3194 fibi
1181 3140 1418 3213 aliquem
1469 3139 1637 3212 (quod
1684 3139 1830 3212 apud
1872 3139 2097 3212 majores

369 3365 391 3403 J
424 3308 535 3404 ³s0m.
553 3312 660 3370 Jens.⁴
807 3312 818 3338 ¹
851 3313 1042 3358 militares
1058 3313 1164 3353 Jens.
1301 3317 1333 3339 ¹²¹
1365 3312 1469 3352 finiti
1489 3312 1540 3352 G.
1557 3313 1664 3352 Jens.
1799 3320 1824 3344 ¹¹
1850 3311 1915 3353 vel
1933 3313 2098 3353 exercit.

395 3378 444 3404 en
465 3393 476 3404 .
1386 3379 1389 3381 “
1794 3375 1806 3387 “

433 3511 503 3551 16.
535 3508 720 3567 durescat
735 3508 954 3564 articulus]
986 3511 1072 3570 Qi
1094 3510 1190 3564 mol-7
1336 3527 1405 3570 ¹9·
1436 3513 1544 3570 quod
1562 3512 1677 3568 apud
1702 3510 1898 3568 majores]
1932 3513 2026 3556 Hoc
2046 3512 2098 3556 de

368 3565 419 3608 lis
437 3566 682 3609 desideratur
711 3567 760 3608 ad
789 3570 1097 3612 exercitationes
1125 3584 1191 3612 ar·
1275 3569 1312 3613 se
1332 3581 1470 3614 narrat
1489 3572 1638 3615 Cicero
1658 3571 1699 3613 in
1719 3571 1854 3614 Bruto
1874 3585 1912 3614 c.
1938 3575 2009 3626 89.
2032 3570 2095 3628 sq.

370 3639 547 3684 morum,
572 3625 671 3667 Vid.
696 3640 736 3676 2,
763 3641 831 3676 12,
855 3642 897 3669 2.
1158 3624 1161 3630 ’
