2320 4030
473 284 566 333 118
868 281 944 332 M.
978 279 1185 332 FABn
1222 276 1796 334 QUINCTILIANi
1833 297 1839 301 ·

2309 0 2320 185 υ

2317 142 2320 156 l

2313 245 2320 289 l

458 418 606 473 bitus
642 417 1000 542 magiS‚Xuam
1033 416 1243 475 omnium
1274 414 1437 487 legum
1457 426 1489 480 ψ
1519 414 1724 489 judicia
1758 413 2030 485 perierunt.
2105 414 2197 467 In·
2219 423 2289 483 57
2316 423 2320 495 ᾗ

475 490 689 547 venitur
724 507 828 562 apu
911 499 1095 560 poetas
1142 505 1378 559 quoque,
1422 489 1520 540 ut.b
1563 485 1704 558 apud
1744 486 2044 544 Homerum
2094 484 2198 537 dec

476 561 700 632 sceptr0‚
726 560 873 632 quod
913 579 945 613 a
979 561 1114 614 Jove
1146 558 1214 612 ad
1244 558 1714 629 Agamemnonem
1749 556 1915 628 usque
1942 555 2198 617 deducit:

476 641 535 691 et
557 632 697 704 apud
723 632 953 684 nostrum
981 630 1141 683 etiam
1167 630 1456 701 tragicum,

619 731 746 783 Jove
767 737 1069 850 propajgatus
1090 726 1157 849 5st
1185 730 1262 799 (ut
1281 726 1542 800 perhibent
1557 728 1601 795 d)
1634 725 1905 809 Tantalus,

620 802 711 853 Ex
736 801 904 853 Tanta
930 821 953 853 ο
972 813 991 835 0
1017 801 1087 851 Pe
1111 813 1209 871 opS,
1238 819 1298 851 ex
1328 797 1503 871 Pelope
1529 809 1690 851 autem
1696 801 1850 869 satus

618 873 829 937 Atreus,
854 871 942 944 qui
964 869 1173 943 nostrum
1195 883 1340 944 porro
1356 879 1611 951 propagat
1626 877 1806 941 genus.

478 985 558 1047 At
581 1003 703 1056 quae
732 994 824 1054 per
845 960 1188 1050 detrudionem
1224 982 1362 1036 fiunt
1395 978 1896 1053 figurae,brevitatis
1929 978 2201 1036 novitatis·
2223 979 2294 1051 58

480 1075 588 1127 que
627 1052 857 1108 maxime
894 1054 1067 1128 gratia
1107 1054 1395 1125 petuntur:
1435 1071 1658 1124 quarum
1698 1071 1808 1105 una
1839 1055 2016 1119 estea,
2042 1072 2206 1124 quam

478 1128 622 1181 libro
663 1126 906 1198 proximo
947 1125 1004 1178 in
1046 1126 1244 1198 figuras
1267 1125 1282 1155 f
1327 1123 1521 1188 distuli,
1544 1124 1865 1196 synecdoche,
1909 1141 2032 1177 cum
2076 1124 2204 1178 sub-

479 1199 710 1252 trabium
737 1199 959 1251 verbum
994 1196 1218 1269 aliquod
1259 1196 1380 1249 satis
1416 1214 1482 1248 ex
1521 1194 1717 1256 ceteris
1747 1193 2105 1268 intelligitur:
2144 1206 2207 1249 ut

481 1269 726 1324 Coelius&
765 1269 819 1322 in
858 1268 1184 1334 Antonium,
1217 1267 1421 1339 Stupere
1453 1266 1682 1339 gaudio¹²
1728 1266 1956 1320 Graeeus.
2031 1267 2208 1321 Simul

478 1341 626 1398 enim
669 1340 903 1404 auditur,
949 1340 1110 1413 coepit.
1186 1338 1379 1392 Cicero
1421 1339 1488 1391 ad
1529 1340 1778 1402 Brutum,
1827 1337 1992 1391 Sermo
2033 1337 2207 1391 nullus

462 1413 661 1486 scilicet
679 1419 708 1479 ἰ,
734 1413 831 1483 nfi
851 1414 911 1464 de
936 1422 981 1464 te
998 1432 1015 1464 ε
1053 1411 1179 1484 quid
1210 1411 1335 1471 enim
1357 1410 1516 1481 potius
1533 1412 1566 1461 ἒ
1611 1411 1740 1462 Tum
1764 1409 1995 1476 Flavius,
2022 1409 2154 1463 Cras
2170 1410 2205 1475 ¹,

465 1484 647 1559 ‘inquit-
660 1495 712 1551 ω,
739 1483 1044 1537 tabellarius
1059 1493 1103 1549 ¹¹,
1130 1491 1178 1535 et
1202 1502 1289 1555 ego
1314 1482 1493 1535 ibidem
1527 1483 1619 1535 has
1638 1491 1661 1513 ⁰
1697 1481 1827 1534 inter
1859 1501 2047 1535 coenam
2083 1502 2206 1554 exa-

534 1665 567 1710 †
596 1658 738 1703 omnia
754 1659 822 1713 irgs
842 1658 986 1714 Aquila
1005 1667 1067 1712 ap.
1087 1660 1218 1699 Burm.
1241 1658 1306 1711 qui
1318 1658 1464 1709 probat-

480 1714 587 1759 Jens.
699 1714 716 1738 ‘¹
750 1715 965 1765 prohibent
984 1715 1036 1753 G.

446 1814 449 1817 Γ
481 1780 580 1808 eum
600 1768 652 1808 G.
678 1768 746 1819 fig.
766 1781 815 1807 ex
836 1769 1085 1820 synecdoche
1102 1768 1190 1810 dist,
1211 1779 1309 1806 cum
1326 1768 1431 1807 Jens.

482 1824 575 1916 (ἐξὲξ
588 1822 727 1916 ἓὶκηεῖ.
746 1889 848 1916 erras
867 1876 920 1916 al.

481 1929 645 1971 bellarie
664 1931 714 1970 G.
737 1930 803 1970 rel.

1594 1655 1612 1682 ὓ
1645 1665 1684 1697 et
1703 1659 1756 1698 G.
1883 1664 1901 1685 c
1933 1659 2208 1710 disceptorque

1164 1719 1180 1738 θ
1211 1722 1321 1752 ortus
1340 1713 1406 1766 ins:
1426 1714 1478 1757 G.
1497 1712 1600 1752 Jens.
1731 1711 1748 1737 f
1773 1713 1844 1765 fig.
1861 1714 2056 1768 συνικδοχη
2075 1714 2207 1754 distuli

1568 1773 1585 1796 ⁸
1617 1766 1803 1807 Caecilius
1819 1769 1926 1808 Jens.
1989 1802 1991 1805 .
2050 1770 2079 1794 ‘¹¹
2110 1781 2210 1818 gau-

786 1821 794 1846 ἰ
828 1823 858 1862 s.
878 1822 951 1861 nifi
971 1830 1010 1862 te
1026 1822 1132 1865 Jens.
1161 1821 1259 1865 illud
1274 1821 1300 1860 s.
1321 1830 1406 1861 nota
1425 1823 1487 1865 τῆς
1503 1820 1666 1861 scilicet.
1803 1821 1812 1846 ¹
1842 1822 1909 1860 Sic
1929 1822 1980 1861 G.
1999 1834 2084 1862 eras
2100 1823 2207 1862 Jens.

1031 1882 1061 1900 ¹¹¹
1093 1876 1159 1915 Sia
1177 1877 1226 1915 G.
1246 1876 1352 1914 Jens.
1373 1884 1409 1914 et
1428 1875 1551 1924 MSS.
1562 1874 1622 1927 pl.
1643 1883 1705 1928 ap.
1726 1877 1820 1914 Bur.
1841 1891 1910 1915 om.
1932 1875 1986 1916 al.
2099 1881 2121 1902 ⁸²
2150 1884 2210 1917 ta-

930 1935 950 1955 o
980 1942 1098 1976 orans
1115 1945 1244 1970 omnes.
1275 1930 1357 1970 vid.
1377 1939 1450 1973 not.

1386 2077 1537 2124 aravi.
1588 2080 1802 2122 Nimirum
1839 2077 1940 2123 felix
1976 2079 2210 2125 Burmanni

1388 2137 1620 2191 conjeftura
1649 2153 1746 2180 cum
1775 2139 1845 2189 iis,
1895 2153 1974 2181 uas
1996 2137 2114 2196 supra
2134 2139 2209 2182 ad-

1387 2196 1506 2247 duxi,
1525 2196 1846 2239 auetoritatibus
1917 2198 2095 2248 lciatur3
2125 2211 2209 2241 non

1387 2255 1580 2298 dubitavi
1597 2255 1638 2297 in
1653 2265 1887 2299 contextum
1907 2270 1996 2300 eam
2015 2254 2208 2313 recipere,

1389 2323 1429 2356 et
1461 2314 1520 2356 ita
1545 2313 1679 2355 lucem
1709 2314 1874 2358 reddere
1903 2314 1995 2357 loco
2023 2313 2209 2370 alioquin

1388 2371 1683 2415 obscuriffimo.
1729 2374 1802 2416 Ac
1839 2370 1999 2430 reliqua
2036 2371 2209 2431 quidem

548 2094 620 2136 57.
647 2080 761 2145 apud
776 2080 1017 2135 Homerum]
1044 2081 1111 2121 ’1>..
1133 2078 1177 2120 ς’.
1202 2095 1301 2123 101.

454 2178 456 2181 ,
483 2140 562 2187 ubi
581 2140 876 2197 Agamemnon
963 2177 973 2181 -

531 2198 622 2243 ''Ecn
641 2195 801 2246 cufiw‘lpov
825 2197 931 2251 ἔχων·
964 2196 1022 2251 (τό
1046 2195 1116 2248 μὲν
1132 2192 1308 2249 Ἧφαιςος

593 2251 689 2302 κάμε
707 2253 858 2304 τεύχων·

529 2305 707 2357 ‘Home-oc
721 2306 791 2358 μὲν
808 2307 893 2344 δῶκε
913 2305 975 2344 Διῒ
989 2304 1134 2357 Κρονίωνι
1157 2306 1298 2346 ἄνακτι·

537 2363 668 2412 Αὐτὰρ
686 2363 751 2412 aiga
772 2362 855 2404 Ζεὺς
871 2361 958 2400 δῶκε
978 2359 1143 2412 διακτόρῳ
1169 2360 1309 2409 Ἀργει-

594 2418 714 2468 φόιτῃ·
744 2430 779 2452 κ.
802 2431 841 2457 τ.
861 2423 899 2453 λ.

488 2470 555 2517 Sic
576 2472 683 2511 enim
705 2483 827 2526 porro
847 2469 899 2511 ad
917 2467 1086 2526 Pelope,
1106 2467 1309 2517 Atreum,

487 2527 712 2585 Thyesten,
763 2527 1083 2584 Agamemnona
1130 2526 1309 2584 denique

482 2595 687 2650 pervenit.
1005 2604 1007 2606 ·

553 2659 622 2698 57.
666 2645 783 2701 apud
807 2643 979 2702 nostrum
1014 2642 1158 2699 trag-3
1192 2643 1308 2684 Inter

486 2703 643 2746 incerta
673 2702 808 2744 adhuc
846 2700 1026 2744 referunt
1053 2702 1133 2743 viri
1165 2700 1302 2743 doerit

486 2762 732 2804 nominatim
786 2760 1011 2803 Scriverius
1058 2760 1103 2801 in
1152 2757 1305 2816 fragm.

487 2820 627 2875 Trag.
651 2835 694 2877 p.
721 2834 822 2871 171.

552 2881 622 2932 58.
656 2878 777 2927 Cras,
796 2875 940 2936 inquit,
961 2875 1222 2930 tabellarius]
1247 2877 1309 2918 Ut

487 2950 597 2979 nunc
619 2935 772 2993 legitur
790 2936 857 2979 hic
877 2936 1010 2984 locus,
1030 2935 1193 2991 elegans
1219 2949 1309 2976 om-

487 2995 588 3037 nino
618 2993 849 3051 exemplum
880 2991 933 3036 est
967 2992 1077 3035 illius
1113 2993 1305 3050 synecdo-

485 3052 598 3102 ches,
618 3066 712 3109 quae
730 3053 855 3094 verba
884 3052 1074 3108 quaedam
1103 3051 1309 3093 sententiae

486 3111 717 3160 necessaria,
755 3110 820 3152 sed
859 3108 979 3152 facile
1030 3108 1307 3166 intelligenda,

489 3185 538 3213 ex
560 3170 655 3211 serie
673 3169 872 3211 orationis
892 3168 1050 3211 reticet.
1073 3169 1183 3225 Qis
1199 3169 1310 3210 euim

488 3242 570 3270 non
591 3225 713 3269 facile
743 3228 803 3269 ita
833 3225 1030 3284 suppleat,
1053 3228 1190 3268 Sermo
1219 3225 1308 3267 nul-

486 3285 551 3330 lus
581 3285 750 3327 habitus
780 3284 834 3326 est
860 3300 884 3326 a
912 3286 1034 3326 nobis
1049 3283 1221 3343 scilicet,
1239 3282 1315 3339 nest

488 3346 538 3386 de
571 3351 626 3385 te.
680 3342 795 3400 Qid
822 3341 928 3385 enim
958 3341 1210 3400 loqueremur
1235 3349 1308 3398 po-

485 3402 567 3444 tius
583 3400 610 3443 ?
654 3400 757 3443 ‘Tum
787 3399 980 3451 Flavius,
1012 3402 1134 3450 Cras,
1161 3398 1307 3456 inquit,

486 3459 728 3502 tabellarius
757 3459 836 3501 ibit
866 3459 917 3501 ad
945 3459 1149 3501 Brutum:
1181 3466 1221 3499 et
1239 3473 1308 3514 ego

487 3516 632 3560 ibidem
652 3517 727 3560 has
746 3516 885 3562 literas
913 3515 1022 3568 inter
1049 3530 1208 3564 comam
1232 3531 1308 3568 ex-

1387 2430 1645 2473 excusatione
1681 2443 1764 2473 non
1804 2432 2007 2490 indigent.
2068 2429 2210 2474 solum

1388 2488 1492 2532 illud
1507 2489 1642 2531 audax
1657 2489 1833 2532 nimium
1850 2490 2056 2540 videatur,
2070 2503 2209 2542 orans,

1389 2548 1502 2604 quod
1534 2546 1588 2590 est
1621 2548 1662 2590 in
1695 2549 1892 2591 omnibus
1913 2548 2050 2598 libris,
2070 2557 2210 2590 muta-

1390 2615 1479 2648 tum
1517 2606 1560 2648 in
1593 2604 1685 2648 has.
1733 2608 1792 2649 Et
1821 2606 1912 2650 sane
1940 2606 2024 2649 alio
2053 2607 2096 2648 in
2118 2605 2211 2649 loco

1391 2663 1494 2706 illud
1527 2679 1610 2706 non
1642 2675 1791 2708 temere
1823 2664 2035 2709 ferendum
2066 2663 2209 2707 fuerit.

1392 2724 1465 2766 Sed
1489 2722 1514 2765 fi
1536 2724 1767 2780 cogitemus
1794 2721 1950 2767 fontem
1980 2724 2213 2781 corruptio-

1390 2783 1472 2833 nis,
1486 2796 1632 2837 nempe
1650 2781 1844 2825 exaravi
1858 2783 1898 2825 in
1917 2780 2102 2825 exoravi
2116 2795 2211 2824 mu-

1391 2849 1526 2883 tatum
1546 2838 1745 2884 facillimo
1764 2841 1879 2898 lapsu
1897 2859 1911 2894 ς
1934 2850 1975 2883 et
1996 2850 2212 2898 peccatum

1392 2899 1435 2942 in
1469 2898 1712 2956 praecedeuti
1743 2913 1854 2950 cras,
1881 2915 1957 2956 pro
1986 2913 2071 2955 quo
2102 2912 2213 2949 oras,

1393 2957 1507 3013 quod
1539 2957 1689 2998 habent
1722 2955 1820 3000 libri
1852 2957 2002 3014 aliqui,
2030 2954 2138 2998 forte
2168 2958 2213 2999 in

1389 3015 1577 3072 margine
1605 3014 1805 3072 scriptum
1834 3015 1916 3058 huc
1941 3013 2121 3070 irrepsitx
2155 3029 2212 3057 ae-

1391 3087 1521 3129 quum
1541 3071 1682 3123 fuerit,
1701 3073 1798 3116 dare
1816 3073 1921 3115 hanc
1942 3074 2103 3116 veniam
2126 3073 2212 3116 sen-

1391 3132 1549 3174 tentiae.
1602 3131 1676 3172 Sed
1717 3132 1787 3174 cui
1826 3133 2005 3174 nimium
2043 3130 2214 3173 sumsisse

1390 3190 1511 3231 nobis
1542 3189 1792 3240 videbimur,
1814 3189 1882 3232 ille
1911 3187 1976 3232 vel
1999 3204 2074 3247 pro
2093 3203 2215 3231 orans

1390 3262 1539 3290 cenans
1568 3248 1695 3305 legat,
1728 3247 1757 3289 i.
1781 3263 1818 3290 e.
1849 3262 2032 3298 coenans,
2054 3247 2118 3290 vel
2150 3262 2213 3289 re-

1392 3316 1519 3362 ponat
1548 3321 1618 3363 per
1647 3320 1721 3348 nos
1751 3306 1883 3363 ipsum
1913 3319 2051 3356 orans,
2077 3314 2118 3347 et
2148 3306 2213 3347 in-

1390 3374 1652 3421 terpretetur,
1693 3373 1739 3406 ut
1777 3364 1965 3406 voluerit.
2018 3365 2214 3412 Ceterum

1390 3422 1442 3462 de
1475 3420 1655 3472 Fla-viis,
1676 3424 1752 3477 qui
1786 3422 1867 3464 huc
1901 3422 2102 3478 pertinere
2121 3420 2212 3478 pos-

1392 3479 1467 3521 smt
1487 3478 1607 3532 forte,
1627 3480 1785 3530 erudite
1805 3480 1857 3523 ad
1885 3479 1930 3530 h.
1951 3478 1983 3524 l.
2005 3480 2212 3537 Burman-

1390 3551 1487 3588 nus.
