2320 4030
586 271 866 320 INSTIT.
903 267 1252 318 ORATOR.
1289 266 1427 314 ΜΒ.
1462 265 1603 314 vm.-
1638 281 1686 325 3.
1923 281 1986 328 33

257 405 346 458 Est
384 404 556 478 igitur
590 426 759 459 unum
799 423 990 478 genus,
1028 421 1136 476 quo
1175 411 1290 456 tota
1323 420 1501 471 rerum
1536 400 1721 473 imago
1760 401 1994 474 quodam

256 475 424 530 modo
450 478 624 531 verbis
660 475 992 552 depingitur.

498 590 720 663 Constitit
743 590 796 643 in
821 589 1003 661 digitos
1028 587 1260 660 extemplo
1284 593 1505 639 arrectus
1529 595 1749 657 uterque,

255 699 314 758 ‚et
339 699 531 755 cetera,
570 708 690 760 quae
715 688 871 741 nobis
895 686 1039 740 illam
1081 685 1328 758 pugilum
1356 683 1818 756 congredientium
1846 683 1982 738 faci-

258 779 343 813 em
366 771 382 793 *
397 761 471 813 ita
492 760 791 823 ostendunt,
812 770 873 811 ut
898 777 1004 817 non
1022 757 1208 811 clarior
1222 756 1399 810 futura
1423 754 1584 808 fuerit
1606 755 1983 836 spectantibuS.

165 830 239 895 64
262 830 553 887 Plurimum
580 831 631 883 in
659 830 764 883 hoc
789 847 1006 902 genere,
1043 829 1173 881 ficut
1212 828 1266 880 in
1293 826 1502 891 ceteriS,
1538 837 1743 878 eminet
1769 826 1983 880 Cicero·

257 902 346 955 An
373 901 646 973 quisquam
673 911 781 954 tam
809 900 993 972 procul
1018 918 1048 952 a
1072 898 1430 970 concipiendis
1454 896 1784 969 imaginibus
1805 915 1983 950 rerum

259 973 417 1038 abest,
447 983 507 1026 ut
524 983 561 1037 ‘,
589 991 711 1026 cum
746 971 838 1024 illa
863 972 915 1024 in
939 973 1162 1023 Verrem
1188 970 1344 1042 legit,
1373 969 1521 1021 Stetit
1535 967 1761 1040 soleatus
1787 969 1988 1021 Praetor

252 1044 428 1116 populi
453 1044 662 1097 Romani
686 1064 792 1096 cum
825 1042 980 1115 pallio
1009 1053 1276 1114 purpureo,
1315 1040 1579 1111 tunicaque
1617 1038 1794 1103 talari,
1831 1039 1985 1092 muli-

235 1159 239 1161 .
260 1114 430 1186 ereula
453 1116 620 1180 nixus,
646 1115 700 1167 in
726 1113 884 1180 litore,
905 1132 1011 1166 non
1038 1112 1108 1165 sol
1118 1131 1214 1165 um.
1234 1111 1400 1183 ipsum
1425 1128 1483 1162 os
1502 1110 1699 1163 intueri
1725 1110 1986 1177 videatur,

262 1196 319 1240 et
338 1186 569 1252 tlocum,
595 1196 650 1238 et
670 1185 934 1249 habitum,
952 1183 1039 1237 sed
1064 1183 1311 1256 quaedam
1337 1181 1497 1235 etiam
1514 1199 1581 1233 ex
1598 1179 1681 1246 iis,
1703 1200 1826 1253 quae
1846 1181 1990 1234 (ὶίξὶα

170 1257 239 1325 65
262 1275 371 1311 non
407 1258 547 1323 sunt,
568 1256 658 1310 fibi
686 1257 791 1328 ipse
817 1255 1076 1308 adstruat?
1107 1255 1227 1326 Ego
1242 1264 1385 1306 certe
1409 1251 1544 1304 mihi
1569 1270 1782 1304 cernere
1805 1251 1988 1305 videor

181 1361 183 1363 -
263 1339 319 1381 et
343 1327 572 1393 vultum,
596 1339 666 1380 'et
685 1327 890 1392 ocuIOS,
929 1336 984 1379 et
1008 1324 1271 1379 deformes
1296 1323 1570 1394 utriusque
1600 1322 1904 1388 blanditias,
1933 1333 1990 1376 et

264 1417 473 1465 eorum,
511 1399 605 1470 qui
629 1398 865 1463 aderant,
888 1397 1111 1450 'tacitam
1137 1395 1513 1449 aversationem
1538 1405 1580 1460 ¹¹,
1617 1412 1678 1447 ac
1701 1394 1945 1447 timidam
1964 1402 1989 1427 ¹

171 1469 243 1521 66
266 1470 659 1523 verecundiam.
734 1469 955 1521 Interim
995 1486 1064 1520 ex
1101 1467 1340 1539 pluribus
1372 1465 1600 1537 efficitur
1637 1465 1730 1518 illa
1744 1473 1786 1531 ²,
1824 1484 1993 1537 quam

264 1558 522 1594 conamur
544 1540 853 1612 exprimere,
892 1539 1076 1605 facieS,
1103 1549 1167 1592 ut
1193 1539 1265 1591 est
1289 1536 1430 1608 apud
1454 1537 1708 1590 eumdem
1734 1540 1992 1608 (namque

263 1613 332 1665 ad
356 1612 599 1668 omnium
617 1610 838 1664 ornandi
855 1621 876 1644 ²
895 1611 1155 1664 virtutum
1183 1607 1458 1679 exemplat>
1477 1607 1562 1661 vel
1586 1618 1753 1661 unusc
1773 1606 1986 1672 sufficit)

264 1683 320 1736 in
345 1683 691 1755 descriptione
733 1681 963 1735 convivii
1000 1681 1267 1746 luxuriosi,
1315 1678 1530 1734 Videbar
1552 1679 1725 1732 videre
1749 1679 1871 1731 alios
1910 1679 1993 1731 in-

192 1805 202 1816 ,
265 1764 475 1820 trantes,
530 1754 654 1807 alios
703 1773 818 1806 vero
858 1746 1102 1818 e‘xeuntes,
1140 1753 1374 1824 quosdam
1415 1771 1474 1802 ex
1512 1750 1630 1803 vino
1673 1749 1993 1816 vacillantes,

265 1826 497 1898 quasdam
521 1825 737 1896 hesterna
770 1824 1012 1897 potatione
1038 1824 1307 1896 (scitantes.
1388 1820 1684 1894 Versabatur
1700 1823 1719 1853 ‘³
1745 1821 1874 1874 inter
1914 1822 1996 1874 hos

273 1896 477 1950 Gallius
515 1917 583 1949 un
621 1896 779 1948 uentis
817 1895 1013 1960 oblitus,
1069 1893 1322 1947 redimitus
1362 1893 1561 1946 coronis.
1649 1892 1850 1945 Humus
1889 1901 1999 1945 erat

270 1967 545 2032 immunda,
606 1967 835 2020 utulenta
877 1967 1016 2032 vino,
1051 1965 1232 2018 coronis
1280 1964 1611 2036 languidulis,
1649 1975 1695 2016 et
1712 1963 1879 2037 spinis
1919 1984 1998 2016 co-

182 2041 245 2108 67
272 2049 438 2111 operta
459 2039 679 2110 piscium.
757 2037 907 2091 Quid
934 2037 1052 2108 plus
1095 2036 1314 2103 videret,
1354 2034 1445 2117 qui
1479 2034 1748 2088 intrasset?
1793 2035 1881 2086 Si‘c
1907 2053 1996 2087 ur-

271 2110 423 2162 bium
450 2121 719 2181 captarum
748 2109 934 2161 crescit
966 2108 1252 2160 miseratio.
1329 2108 1455 2160 Sme
1497 2106 1664 2159 dubio
1700 2105 1866 2172 enim,
1904 2105 2001 2178 qui

271 2180 405 2235 dicit
427 2191 762 2255 expugnatam
789 2178 887 2232 effe
913 2178 1205 2243 civitatem,
1231 2177 1605 2249 compleRitur
1627 2177 1826 2242 omnia,
1853 2195 1999 2247 quae-

273 2270 507 2324 cumque
532 2251 651 2304 talis
676 2251 886 2304 fortuna
910 2249 1131 2322 recipit:
1171 2249 1259 2301 sed
1298 2250 1353 2301 in
1380 2249 1600 2302 affefims
1626 2247 1805 2300 minus
1830 2266 1998 2320 pene-

182 2326 251 2378 68
275 2333 379 2375 trat
402 2323 576 2376 brevis
624 2322 713 2375 hic
757 2321 904 2374 velut
945 2322 1181 2374 nuntius,
1256 2320 1352 2384 At,
1400 2321 1434 2372 fi
1459 2319 1660 2391 aperias
1703 2319 1842 2385 haec,
1881 2338 2003 2390 quae

276 2395 437 2452 ¹verbo
477 2411 586 2446 uno
624 2393 824 2446 inclusa
860 2404 1026 2458 erant,
1064 2393 1391 2464 apparebunt
1429 2393 1483 2443 et
1509 2391 1678 2462 ‘fusce
1714 2401 1802 2462 per
1843 2390 2003 2443 domos

1175 2473 1195 2493 Ο

330 2577 347 2599 τ
374 2566 502 2604 aciem
517 2565 568 2604 G.
587 2565 692 2604 Jens.
804 2569 817 2588 ⁸
845 2571 890 2602 ut
911 2575 993 2604 non
1013 2575 1111 2603 cum
1131 2564 1173 2601 in
1191 2564 1243 2602 G.
1355 2566 1368 2594 t
1387 2570 1427 2601 et
1447 2562 1584 2601 locum
1605 2575 1673 2600 om.
1691 2562 1743 2600 G.
1852 2568 1871 2591 ¹³
1892 2559 2005 2601 aiter-

277 2618 429 2657 fionem
450 2619 501 2657 G.
627 2627 646 2648 x
677 2618 877 2657 tumidam
901 2619 952 2666 G.
1061 2625 1083 2647 2
1111 2617 1274 2656 illorum
1301 2617 1351 2656 G.
1463 2622 1482 2646 ⁸
1508 2625 1697 2655 ornatum
1720 2617 1772 2655 G.
1883 2614 1900 2640 δ
1932 2628 2006 2654 ex-

277 2672 586 2765 amp'lpxpsrstns.
714 2678 729 2697 ί
762 2683 845 2711 una
866 2672 916 2711 G.
1046 2669 1063 2696 ‘¹
1097 2671 1533 2711 versabatur—coronis
1561 2684 1628 2709 om.
1650 2670 1699 2709 G.
1826 2674 1844 2696 e
1875 2669 2010 2709 effusae

339 2892 412 2942 63.
445 2887 624 2947 Constitit
643 2887 687 2931 in
705 2887 817 2946 dig]
841 2888 966 2946 Virg.
989 2890 1099 2932 AEn.
1186 2887 1372 2944 probem,
1420 2887 1448 2928 i.
1489 2902 1525 2929 e.
1573 2886 1738 2928 iratam.
1820 2883 1897 2927 Sed
1934 2884 2013 2927 hoc

286 2960 325 2999 ς,
356 2948 461 2996 426.
748 2947 752 2950 ”
1189 2945 1299 2987 sensu
1331 2945 1383 2987 est
1405 2947 1630 3001 poeticum.

341 3006 412 3054 64.
435 3019 462 3045 a
482 3003 741 3060 concipiendis
753 3003 906 3061 imag.]
929 3003 994 3046 De
1010 3003 1104 3059 qui·
1205 3030 1209 3032 ἡ
1249 3005 1321 3044 66.
1359 3001 1535 3045 Videbar
1553 3001 1722 3058 videre]
1746 3002 1811 3044 Ex
1831 3000 2016 3043 oratione

278 3062 362 3103 bus
382 3060 500 3119 supra
535 3064 578 3112 6,
602 3077 644 3112 2,
667 3077 720 3117 29
746 3060 836 3119 sqq.
868 3062 1006 3103 Locus
1028 3061 1104 3103 Ci-
1188 3075 1264 3118 pro
1302 3059 1463 3108 Gallio,
1495 3059 1608 3116 quod
1642 3059 1839 3102 indicavit
1871 3073 1920 3100 ex
1947 3059 2018 3101 A·

282 3120 438 3162 ceronis
469 3119 522 3161 est
542 3121 586 3162 in
605 3121 721 3161 verr.
750 3135 790 3174 5,
815 3133 885 3173 33.
937 3119 1106 3176 Repetit
1189 3117 1307 3175 quila
1330 3119 1521 3160 Romano
1545 3117 1755 3160 Viffiorius
1778 3118 1877 3158 Var.
1895 3115 2016 3159 Lea.

287 3192 356 3226 ιι,
381 3191 423 3231 3,
450 3192 522 3231 90.
1195 3191 1267 3226 22,
1302 3190 1343 3230 5.
1395 3176 1561 3218 Laudat
1600 3177 1749 3218 iterum
1783 3173 1908 3218 noster
1942 3187 2015 3223 ιι,

340 3237 414 3286 64.
434 3232 514 3290 fibi
533 3233 612 3292 ipst·
641 3234 848 3292 adstruat]
885 3235 1003 3277 Sicut
1031 3233 1109 3276 ad·
1199 3249 1240 3287 3,
1276 3236 1378 3287 165.

266 3291 395 3349 struit
412 3290 569 3335 auditis
582 3298 727 3348 pavor
747 3292 821 3335 Sil.
846 3291 943 3334 Ital.
966 3306 1011 3345 4,
1035 3295 1078 3334 8.
1252 3293 1325 3332 68.
1335 3290 1376 3346 st
1401 3288 1902 3348 aperias—apparebunt]
1917 3289 2025 3333 Haec

342 3351 414 3403 ⁶5·
455 3348 646 3392 timidam
683 3349 1005 3403 verecundiam]
1059 3350 1110 3391 In
1196 3348 1372 3403 ipsajam
1383 3349 1507 3390 verba
1518 3349 1567 3390 ad
1583 3351 1755 3402 ἐνάργειαν
1765 3343 2028 3403 illam,quam

282 3405 547 3449 verecundia
608 3406 761 3464 semper
810 3407 908 3450 inest
965 3407 1085 3450 timor
1100 3425 1113 3449 .·
1198 3406 1392 3448 describit
1411 3407 1583 3456 Fabius,
1600 3407 1780 3448 multum
1796 3404 2027 3448 conferunt.

286 3463 429 3521 itaque
451 3478 596 3521 parum
627 3466 752 3517 abest,
783 3465 886 3523 quin
921 3464 1119 3508 tumidam
1202 3465 1414 3507 Caeterum
1436 3478 1516 3507 non
1537 3475 1639 3522 puto
1668 3464 1772 3506 hanc
1804 3471 1936 3521 captae
1957 3475 2029 3504 ur-

362 3564 510 3600 vot..
547 3564 623 3600 11.
1140 3551 1230 3598 ο·
