2320 4030
628 269 910 323 INSTIT.
948 266 1287 326 ORATOR.
1323 267 1464 324 ΜΒ..
1499 267 1564 326 Χ,
1590 279 1638 333 5·
1901 281 2002 335 ως

266 403 655 476 Panegyricum
695 403 957 471 IsocratiS,
1002 404 1097 476 qui
1141 403 1451 476 parciffime,
1488 403 1678 457 decem
1716 403 1870 459 annis
1908 404 1995 460 di.-

263 485 397 529 cunt
419 475 770 541 elaboratum,
793 476 863 528 ad
897 486 1162 535 oratorem
1198 474 1334 527 nihil
1368 474 1634 545 pertinet:
1675 475 1829 547 cujus
1867 477 1990 533 nul-

261 546 379 599 lum
403 546 522 613 erit,
549 547 581 600 fi
609 557 718 600 tam
745 546 955 600 tardum
981 546 1163 611 fuerit,
1188 545 1470 599 auxilium.

334 618 408 670 V.
448 617 755 671 Proximum
795 618 885 682 est,
911 627 975 670 ut
1011 617 1274 682 dicamUS,
1301 636 1415 690 quae
1451 616 1701 690 praecipue
1714 616 1995 689 scribenda.

263 688 379 742 fint.
454 688 610 741 Hoci
654 687 1022 741 exuberantis¹
1060 686 1276 759 quidem
1317 688 1389 740 est
1431 687 1624 757 operi8‚
1654 698 1717 741 ut
1755 687 1990 759 explice-

254 777 405 824 πως,
431 778 551 831 quae
575 759 673 812 {int
695 759 931 812 materiae
953 779 966 812 t
1006 777 1129 830 quae
1169 758 1340 830 prima
1374 769 1466 812 aut
1502 759 1747 825 secunda,
1773 768 1868 812 aut
1891 759 1989 811 de·

260 829 446 902 inceps
469 829 743 884 tractanda
767 829 898 882 fint:
938 847 1061 882 nam
1089 829 1146 882 id
1171 829 1368 883 factum
1406 830 1477 882 est
1515 830 1679 883 etiam
1709 829 1885 901 primo
1918 829 1990 882 li-

260 900 378 967 bro,
402 920 513 974 quo
535 919 851 973 puerorum3
890 911 947 954 et
970 900 1221 967 secundo,
1247 920 1357 972 quo
1382 900 1497 972 jam
1522 901 1850 962 robustorum
1871 901 1992 958 .stu÷

261 971 367 1026 diis
390 971 634 1025 ordinem
674 972 957 1025 dedimus:
998 971 1108 1037 sed,
1132 971 1200 1025 de
1240 991 1350 1043 quo
1369 983 1402 1006 ¹¹¹
1445 991 1590 1027 nunc
1622 972 1820 1045 agitur,
1846 971 1993 1026 unde

207 1061 239 1100 2
264 1043 420 1116 copia
442 1062 503 1097 ac
527 1042 752 1097 facilitas
778 1044 1012 1097 maxime
1035 1043 1251 1096 veniat?
1272 1079 1275 1082 -
1293 1044 1517 1099 Vertere
1545 1045 1733 1103 Graeca
1755 1044 1810 1098 in
1837 1044 1991 1098 Lati-

261 1133 395 1168 num
430 1125 636 1168 veteres
667 1113 829 1171 nostri
866 1126 1098 1168 oratores
1138 1114 1404 1186 optimum
1431 1113 1766 1185 judicabant.
1842 1115 1905 1173 Id
1939 1113 1993 1169 se

261 1187 328 1239 L.
357 1186 565 1240 Crafl'us
589 1185 645 1238 in
670 1185 778 1238 illis
816 1185 1092 1239 Ciceronis
1129 1185 1198 1238 de
1238 1186 1459 1238 Oratore
1490 1186 1640 1239 libris
1674 1186 1808 1239 dicit
1830 1186 1989 1239 facti,-

260 1256 404 1311 taffe.
479 1256 545 1310 Id
570 1256 762 1311 Cicero
784 1257 876 1310 sua
899 1255 1005 1328 ipse
1042 1256 1256 1328 persona
1278 1255 1689 1328 frequentiffime
1712 1256 1952 1329 praecipit
1974 1277 1989 1310 ε

261 1328 395 1398 quin
422 1328 585 1382 etiam
617 1327 782 1382 libros
816 1327 1050 1381 Platonis
1075 1337 1238 1398 atque
1270 1327 1646 1410 Xenophontis
1681 1328 1851 1381 edidit
1885 1328 1992 1381 hoc

259 1416 458 1471 genere
482 1399 774 1453 transsatos,
849 1408 870 1431 ¹¹
894 1399 957 1452 Id
994 1398 1229 1453 Meffalae
1262 1397 1505 1470 placuit:
1545 1399 1836 1471 multaeque
1871 1401 1994 1452 sunt

260 1470 329 1524 ab
354 1489 420 1524 eo
443 1469 538 1524 scri
578 1481 649 1525 tae
673 1470 741 1523 ad
780 1469 927 1524 hunc
962 1469 1189 1523 modum
1226 1470 1523 1523 orationes:
1563 1471 1698 1524 adeo
1734 1483 1796 1524 ut
1828 1472 1991 1524 etiam

261 1558 387 1594 cum
416 1541 510 1595 illa
594 1542 827 1614 yperidis
862 1560 960 1614 pro
993 1541 1201 1614 Phryne
1237 1541 1553 1595 difficillima
1589 1541 1842 1595 Romanis
1866 1543 1991 1595 sub-

204 1612 460 1689 3,tilitate
493 1613 861 1667 contenderet.
935 1615 1008 1666 Et
1043 1612 1313 1666 manifesta
1351 1613 1422 1665 est
1453 1613 1850 1666 exercitationis
1881 1614 1991 1669 huz-

248 1682 403 1756 jusce
427 1684 582 1738 ratio.
655 1685 802 1738 Nam
840 1694 895 1738 et
930 1703 1107 1738 rerum
1147 1683 1302 1755 copia
1335 1684 1514 1737 Graeci
1545 1685 1789 1738 auctores
1817 1685 1991 1743 abun-

261 1754 411 1821 dant,
453 1766 510 1809 et
586 1755 843 1809 lurimum
884 1755 1012 1809 artis
1055 1755 1108 1808 in
1147 1755 1510 1827 eloquentiam
1551 1755 1883 1809 intulerunt:
1937 1766 1994 1814 et

259 1826 360 1899 hos
402 1775 864 1891 transferentibuffi
907 1827 1084 1881 verbis
1131 1827 1212 1880 uti
1256 1825 1473 1898 optimis
1516 1826 1680 1880 licet:
1738 1827 1993 1886 omnibus

232 1897 404 1951 ‚enim
444 1898 651 1952 utimur
687 1898 894 1952 nostris.
968 1898 1193 1970 Figuras
1229 1915 1374 1962 vero,
1404 1897 1603 1970 quibus
1624 1898 1869 1952 'maxime
1901 1918 1993 1951 or-

231 2017 237 2022 .
260 1980 418 2023 natur
444 1969 635 2035 oratio,
661 1969 858 2023 multas
882 1986 944 2024 ac
972 1971 1136 2023 varias
1161 1969 1503 2040 excogitandi
1526 1969 1688 2023 etiam
1720 1970 1991 2025 neceffitas

226 2039 508 2121 .quaedam
546 2041 654 2094 est:
693 2041 822 2113 quia
855 2040 1172 2113 plerumque
1208 2059 1241 2093 a
1278 2039 1483 2094 Graecis
1522 2042 1766 2095 Romana
1797 2040 1989 2094 diffen-

203 2122 421 2186 4t1unt.
496 2111 603 2167 Sed
640 2121 698 2165 et
729 2111 824 2165 illa
857 2131 926 2166 ex
964 2112 1171 2166 Latinis
1205 2111 1474 2165 converfio
1510 2111 1746 2166 multum
1785 2124 1841 2166 et
1882 2112 1999 2184 ipsav

259 2182 566 2237 contulerit.
602 2192 614 2206 ⁹
638 2183 726 2236 Ac
770 2183 839 2236 de
885 2183 1210 2238 carminibus
1252 2182 1471 2255 quidem
1514 2184 1785 2238 neminem
1830 2184 1991 2237 credo

258 2253 524 2320 dubitare,
550 2272 660 2328 quo
697 2254 809 2308 solo
845 2273 1045 2327 genere
1075 2253 1469 2309 exercitationis
1507 2254 1706 2308 dicitur
1739 2255 1861 2310 usus
1889 2255 1990 2321 effe

261 2324 549 2396 Sulpicius.
623 2326 768 2380 Nam
807 2337 864 2379 et
896 2326 1140 2380 sublimis
1171 2324 1379 2398 spiritus
1416 2326 1660 2379 attollere
1692 2326 1990 2380 orationem

255 2397 457 2467 potest:
496 2407 554 2450 et
580 2392 766 2464 verba,
795 2397 1008 2469 poetica
1042 2397 1291 2451 libertate
1326 2396 1624 2464 audaciora,
1654 2415 1762 2450 non
1788 2409 1810 2432 ⁰
1847 2416 1988 2470 prae-

217 2518 221 2522 Α
257 2467 474 2522 sumunt
507 2468 695 2522 eadem
713 2478 735 2510 Ρ
772 2468 979 2542 proprie
997 2479 1020 2512 ‘1
1044 2468 1260 2523 dicendi
1285 2466 1614 2524 facultatem.
1689 2469 1795 2524 Sed
1819 2480 1874 2531 et
1898 2468 1986 2543 ip-

314 2639 323 2666 ἰ
357 2639 446 2681 Nec
463 2642 516 2694 G.
545 2641 648 2688 Haec
667 2642 723 2680 est
741 2641 1033 2692 imperantibus
1049 2641 1157 2682 Jens.
1251 2675 1253 2677 .
1294 2638 1305 2664 ¹
1338 2640 1378 2682 id
1397 2642 1466 2696 ins.
1485 2642 1535 2681 G.
1553 2642 1661 2682 Jens.
1726 2651 1732 2656 ·
1813 2651 1850 2675 m
1881 2645 1989 2685 Forte

255 2695 443 2794 geegfflhoc.
558 2701 578 2720 ⁸²
610 2696 752 2749 Marco
768 2695 835 2753 itys.
853 2696 960 2743 Jens.
1069 2697 1091 2720 ⁰
1122 2704 1162 2749 et
1181 2695 1233 2746 G.
1251 2695 1358 2749 ,Jerus-
1466 2703 1486 2732 i>
1505 2698 1676 2736 eandem
1696 2696 1764 2738 iid.
1873 2707 1894 2739 q
1917 2714 1990 2740 om.

315 2903 361 2941 4.
396 2889 530 2932 decem
566 2888 709 2943 annis]
751 2888 1000 2933 Plutarchus
1035 2889 1080 2932 in
1162 2889 1331 2933 tationis
1367 2904 1529 2948 genere,
1568 2904 1654 2947 quo
1695 2888 1870 2934 aliorum
1918 2890 1982 2934 vel

257 2946 362 2989 vita.
383 2949 469 3005 Op.
490 2948 606 2990 Mor.
629 2963 644 2989 1
659 2962 757 3001 540.
775 2949 836 2989 H.
852 2948 995 3005 Steph.
1016 2948 1082 2987 Τὸν
1163 2957 1376 3006 poetarum
1412 2948 1476 2991 vel
1508 2957 1734 2998 oratorum,
1771 2949 2003 2991 Romano·-

257 3005 482 3059 πανηγυρικόν
497 3004 595 3045 ἔτεσι
612 3005 700 3044 δέκα
716 3005 918 3055 συνέθηκεν,
931 3007 959 3044 οἱ
977 3005 1081 3046 83&-
1161 3021 1255 3049 rum
1292 3006 1478 3063 quidem,
1525 3006 1658 3048 sensus
1705 3005 1799 3048 allis
1843 3008 1984 3050 verbis

258 3057 397 3098 καπένἹε
407 3058 551 3109 λέγωσι,
564 3070 604 3102 et
622 3068 761 3101 tamen
778 3059 910 3110 addit,
922 3058 955 3099 ἓν
965 3074 1080 3111 μετε.
1162 3065 1326 3108 Latinis
1359 3078 1558 3108 conamur
1591 3064 1772 3114 reddere,
1803 3064 1983 3108 difficul-

260 3131 326 3158 »ηπ
358 3117 427 3170 ivai
437 3120 478 3156 ἐκ
487 3119 536 3156 τῦ
549 3117 1079 3173 ropzuvssatmcwgavetv·
1162 3131 1290 3166 tatem
1321 3137 1386 3166 res
1416 3122 1557 3174 habet,
1583 3136 1678 3165 cum
1708 3122 1868 3180 optima
1895 3124 1983 3177 jam

318 3132 375 3232 ᾇ,
394 3195 439 3224 2.
471 3181 525 3224 L.
544 3180 722 3238 erffus]
757 3180 853 3224 Cic.
873 3179 926 3224 de
955 3183 1079 3224 Orat.
1161 3180 1363 3240 occupata
1382 3179 1458 3224 sint
1478 3181 1559 3223 ὅτε.
1593 3179 1721 3223 Adde
1738 3193 1834 3223 vero
1855 3181 1884 3225 s.
1910 3198 1951 3236 5.

262 3252 305 3287 x,
327 3252 398 3292 34.
1104 3236 1107 3239 ’
1219 3253 1265 3292 4.
1296 3253 1374 3282 non
1387 3239 1641 3297 praefitmunt
1649 3261 1707 3270 —
1703 3237 1978 3294 facultatem]

320 3311 362 3349 3⁴
393 3294 573 3348 omnibus
598 3294 704 3341 enim
731 3295 886 3339 utimur
915 3294 1078 3353 nostris]
1204 3312 1270 3340 uae
1287 3297 1417 3340 libera
1433 3297 1617 3339 oratione
1635 3296 1856 3353 scriptafab
1887 3299 1983 3343 aliis

258 3353 311 3395 In
344 3354 676 3410 interpretatione
710 3369 733 3397 e
761 3354 926 3398 Graecis
955 3353 1080 3411 quid-
1161 3369 1183 3397 e
1237 3371 1302 3398 em
1339 3369 1501 3412 genere,
1540 3364 1796 3397 commutata
1828 3365 1983 3408 tamen,

257 3411 361 3466 quid
390 3412 612 3454 verborum
643 3412 848 3455 bonorum
883 3411 1080 3455 adhibea-
1158 3412 1295 3457 dicere
1323 3427 1536 3463 conamur,
1556 3427 1604 3454 ea
1633 3413 1709 3456 hoc
1741 3411 1893 3455 habent
1919 3415 1983 3457 in-

256 3483 352 3511 mus
382 3469 562 3513 nostrum
590 3469 660 3520 est,
690 3484 811 3512 nemo
841 3470 1079 3527 occupavit,
1161 3471 1444 3521 commodum,
1464 3480 1512 3512 ut
1534 3471 1756 3529 praesumta
1786 3468 1867 3513 fere
1891 3471 1981 3523 sint,

254 3526 384 3569 libere
410 3528 598 3581 utimur3
636 3537 678 3583 at
708 3529 752 3586 in
779 3527 907 3583 altero
926 3530 1078 3572 exerci·
1145 3529 1224 3586 ,vel
1255 3538 1473 3590 occupata,
1494 3539 1544 3572 ut
1569 3528 1693 3572 modo
1725 3528 1981 3590 dicebamus,

330 3600 476 3643 vot..
506 3601 584 3639 ιι.
1176 3603 1208 3649 1²
