2320 4030
364 317 427 351 20
722 301 799 351 M.
834 300 1034 348 FABII
1078 296 1640 347 QUINCTILIANI

360 432 575 490 Erulius
589 433 923 505 Ant'om'cgster'.
950 432 1015 486 Id
1030 433 1233 485 tamen¹
1258 429 1804 484 invdeclamationibus
1823 431 1892 484 est
1914 440 2075 486 nota--

359 506 542 572 bilius,
562 505 868 576 laudarique
892 522 979 557 me
1002 520 1166 574 puero
1189 501 1404 566 solebat,
1433 503 1523 553 Da
1535 501 1677 572 patri
1689 514 1900 582 panem.-
1925 515 1980 555 et
2002 504 2056 555 in

357 576 567 641 eodem,
586 577 759 628 Etiam
775 596 937 627 canem
954 572 1126 646 past-ia
1183 573 1288 624 Res
1312 570 1527 641 quidem
1547 578 1808 641 praecipue
1831 572 1885 623 in
1905 572 2056 626 scho·
2070 583 2108 622 .2
2112 584 2147 637 3

355 646 425 700 lis
450 665 657 717 ancep8,
684 645 769 698 sed
806 645 1106 714 frequenter
1129 641 1298 694 cauffa
1319 641 1464 704 risus,
1491 660 1632 693 nunc
1656 641 1844 712 utique
1862 653 1914 705 ¹¹¹,
1936 661 2059 695 cum

357 717 476 769 haec
500 716 824 780 exercitati0‚
863 714 1047 784 procul
1081 731 1112 764 a
1135 711 1360 776 ,veritate
1384 710 1632 782 sejun&a,
1658 711 1864 764 laboret
1887 711 2059 764 incre-

359 787 511 840 dibili
535 788 812 838 verborum
854 783 1072 847 fastidio,
1096 800 1157 835 ac
1182 781 1274 833 fibi
1298 799 1544 852 magnam
1573 793 1773 853 partem
1811 781 2060 835 sermonis
2154 822 2164 830 ,

358 857 656 909 absciderit.
713 857 849 908 Cum
876 854 972 905 fint
996 862 1174 906 autem
1199 853 1357 904 verba
1375 851 1595 923 propria,
1603 851 1756 923 fibla,
1783 853 2057 924 transsata.-
2082 862 2152 915 24

357 927 581 998 propriis
606 926 919 997 dignitatem
943 923 1032 975 dat
1055 921 1370 991 antiquitas:
1410 939 1639 992 namque
1672 934 1728 974 et
1750 922 2059 976 san&iorem

354 1008 413 1050 et
459 997 632 1067 magis
677 993 1041 1047 admirabilem
1081 992 1283 1045 faciunt
1301 1002 1320 1024 ¹¹
1359 991 1672 1056 orationem,
1711 991 1909 1062 quibus
1950 1012 2059 1046 non

355 1065 583 1139 quilibet
607 1065 779 1117 fuerat
801 1065 988 1117 usurus
1007 1068 1028 1088 ⁰
1052 1084 1064 1115 :

354 1136 427 1189 cii
465 1137 520 1188 P.
537 1135 795 1208 Virgilius
818 1135 975 1187 unice
1002 1135 1072 1185 est
1106 1133 1247 1185 usuS.

1104 1079 1274 1133 eoque
1311 1072 1619 1114 ornamento
1654 1063 1892 1116 acerrimi
1906 1063 2058 1135 judi-

1325 1132 1430 1184 Olli
1455 1133 1617 1196 enim,
1643 1143 1698 1184 et
1725 1133 1977 1204 quianam,
2002 1145 2059 1188 et
2081 1141 2146 1199 25

354 1207 466 1272 mis,
503 1215 559 1258 et
598 1219 738 1278 pone,
759 1205 1065 1277 pellucentv
1090 1213 1181 1256 etq
1205 1202 1524 1274 adspergunt
1559 1203 1725 1267 illam,
1753 1223 1872 1274 quae
1898 1205 2057 1258 etiam

353 1277 409 1329 in
435 1276 653 1360 picturis
677 1277 748 1329 est
770 1275 1052 1348 gratiflima
1067 1285 1105 1339 ¹,
1122 1273 1387 1326 vetustatis
1413 1273 1787 1356 inimitabilem
1811 1275 1908 1327 arti
1927 1293 2056 1358 auq-

354 1358 641 1400 tontatem.
716 1346 822 1399 Sed
862 1344 1121 1398 utendum
1159 1343 1340 1409 mod0,
1374 1363 1474 1396 nec
1510 1362 1576 1396 ex
1601 1345 1804 1397 ulumrs
1827 1346 2058 1400 tenebris

352 1417 655 1489 repetenda.

731 1417 867 1470 Satis
908 1416 979 1468 est
1019 1427 1204 1468 vetus:
1255 1413 1419 1486 quid⁸
1460 1414 1690 1467 neceffet
1733 1415 1821 1481 est,
1859 1415 2071 1487 (μεῖον

351 1488 545 1553 dicere,
585 1488 770 1561 Oppido
790 1490 821 1539 Ρ
855 1504 963 1558 quo
1005 1485 1125 1538 sunt
1164 1485 1235 1536 ufi
1277 1484 1575 1556 paullulum
1615 1497 1852 1557 tempore
1887 1488 2057 1540 nostro

353 1559 671 1629 superiores:
723 1575 922 1622 vereor,
962 1567 1023 1609 ut
1057 1555 1169 1627 jam
1209 1565 1341 1607 nos·u
1382 1554 1516 1608 ferat
1552 1555 1859 1627 quisquam:
1915 1568 2059 1611 certe

354 1630 613 1701 Antigerio
628 1638 672 1695 ¹,
710 1628 863 1700 cujus
898 1627 1081 1680 eadem
1118 1626 1425 1698 significatio
1448 1627 1534 1691 est,
1570 1645 1748 1691 nemo,
1774 1628 1863 1679 nisi
1889 1628 2077 1682 ambi-¹

353 1699 534 1767 tiosuS,
575 1710 773 1753 utetur.
845 1699 1125 1752 AErumnas
1162 1697 1292 1768 quid
1335 1715 1468 1768 opus
1508 1698 1618 1750 est?
1659 1709 1929 1769 tamquam
1962 1717 2055 1771 pa·
2078 1695 2147 1750 26

405 1866 417 1894 ¹
448 1874 545 1902 cum
565 1851 753 1915 infi'Jens.

354 1922 374 1949 1
400 1917 560 1968 pollicet
579 1917 630 1956 G.
649 1915 856 1967 pollucent
871 1914 976 1954 Jens.

353 1971 558 2074 too-&dem
577 2024 626 2062 G.
646 2023 754 2073 quod
769 2022 875 2062 Jens.

352 2078 554 2128 Antigene
575 2077 626 2116 G.

352 2226 461 2284 apud
481 2225 718 2268 Ciceronem
746 2224 864 2268 valde
890 2226 1039 2283 variat,
1059 2224 1163 2267 illud

352 2284 520 2341 quidem
560 2298 612 2340 ap
643 2292 742 2334 aret,
780 2283 909 2325 servos
955 2281 1163 2336 vilissimos

352 2341 420 2384 hic
458 2340 614 2397 compel
632 2341 689 2382 ari
723 2356 918 2398 perquam
949 2339 1164 2382 familiari-

353 2409 427 2448 ter,
449 2408 496 2442 ut
516 2398 662 2450 severa,
683 2398 710 2440 fi
729 2396 810 2441 Dis
830 2398 974 2456 placet,
996 2398 1164 2455 quaestio

352 2455 587 2499 miserorum
625 2457 853 2506 hominum,
882 2455 986 2498 nihil
1019 2466 1165 2514 praeter

354 2515 550 2572 imperata
562 2513 793 2570 respondere
807 2513 1061 2565 audentium,
1072 2524 1165 2556 tan-

354 2582 397 2614 to
416 2581 665 2629 proponatur
682 2572 876 2628 apertius,

414 2645 484 2672 22.
500 2630 570 2671 Da
583 2629 702 2685 patri
712 2630 882 2685 panem]
906 2631 964 2672 Et
982 2628 1069 2672 haec
1089 2645 1163 2687 po-

354 2696 486 2729 terant
523 2686 697 2729 humilia
734 2687 858 2729 nimis
894 2688 1050 2744 putari,
1091 2687 1163 2730 nifi

354 2745 577 2802 indignitas
596 2745 776 2788 hominis
805 2758 923 2786 canes
943 2744 1103 2796 alenus,
1123 2755 1164 2787 et

354 2802 546 2844 alimenta
563 2802 783 2844 recusantis
813 2803 939 2859 patri,
961 2800 1047 2859 ipsa
1073 2817 1162 2846 ver-

352 2861 499 2902 borum
537 2859 768 2903 humilitate
802 2860 970 2916 gravius
1015 2875 1160 2919 expro-

351 2918 462 2960 brari
478 2917 700 2961 videretur.
946 2928 949 2931 '

367 2993 370 2997 ’
413 2989 485 3027 24.
515 2973 727 3031 Virgilius]
751 2975 816 3017 De
835 2974 899 3017 olli
917 2988 998 3016 non
1011 2974 1065 3017 est
1082 2974 1162 3018 du-

351 3033 494 3075 biumz
524 3031 577 3074 de
611 3031 805 3089 quianam
834 3031 992 3075 subtilis
1020 3033 1162 3090 dispu-

349 3091 455 3132 tatio
473 3089 583 3133 estin
604 3089 976 3156 indice-Erythraei,
986 3093 1060 3147 qui
1079 3105 1161 3133 non

351 3148 474 3191 modo
508 3162 576 3197 10,
598 3149 642 3198 6,
674 3147 737 3190 sed
770 3158 895 3190 etiam
929 3161 970 3200 5,
995 3162 1064 3201 13,
1100 3150 1161 3190 ita

349 3205 564 3262 legendum
583 3214 724 3247 contra
739 3205 974 3248 'Pontanum
996 3218 1161 3248 conten-

349 3262 427 3305 dit.
461 3263 525 3304 De
542 3261 617 3304 mis
634 3272 771 3305 autem
789 3261 893 3305 nihil
911 3263 1032 3305 hodie
1049 3265 1161 3321 apud

349 3320 574 3385 Virgilium
596 3321 816 3362 invenitur.
856 3321 971 3380 Qin
984 3317 1175 3364 1Servius‘

349 3392 400 3420 ne
419 3392 472 3420 nn
492 3377 655 3432 quidem
675 3391 750 3434 pro
762 3377 861 3420 mihi
874 3377 1043 3435 politum
1062 3393 1162 3421 con·

350 3435 488 3478 cedere
506 3434 595 3477 vult
616 3434 724 3476 AEn.
751 3437 795 3486 6,
821 3449 919 3487 ¹04·
952 3435 1067 3478 Idem
1097 3446 1160 3478 ta-

350 3507 444 3536 men
462 3492 512 3534 ad
534 3492 640 3534 AEn.
666 3507 708 3544 z,
731 3506 827 3547 595,
849 3493 924 3535 mis
942 3503 981 3536 et
1009 3492 1062 3536 tis
1089 3509 1163 3536 uo-

913 1868 944 1890 m
971 1869 1104 1912 ltaque
1131 1860 1234 1952 {had
1251 1913 1560 1964 adspargendam
1579 1915 1632 1954 G.

648 1976 662 1995 ⁸
693 1969 759 2008 Sic
785 1969 838 2007 G.
865 1968 996 2019 quaeso
1021 1979 1063 2051 (ἐι
1083 1967 1600 2062 ἓὶεὸῗ.ὖὲιέῇᾳῐιιιεζίοαὲιυίᾰ
1622 1979 1711 2007 nec.
1731 1969 1785 2007 est
1802 1969 1934 2019 quaeso
1950 1969 2070 2018 Jens„

1719 1865 1739 1886 ⁶
1769 1861 1860 1900 usus
1880 1861 1931 1901 G.
1949 1862 2059 1902 Jens.

1792 1923 1805 1942 ¹
1833 1915 2057 1965 graviffima.

1345 1865 1362 1884 “
1395 1861 1490 1900 facit
1508 1861 1560 1900 G.

1670 2027 1690 2048 ¹
1720 2024 1934 2074 Antegerio
1950 2023 2057 2062 Jens.

1243 2225 1462 2268 minativos
1483 2223 1699 2283 singulares
1720 2225 1914 2283 antiquos
1931 2225 2051 2270 dicit.

1244 2284 1310 2326 De
1329 2284 1464 2325 Ennio
1483 2284 1562 2326 alia
1583 2297 1645 2325 res
1665 2283 1734 2325 est.
1816 2298 1826 2302 '⁴

1301 2357 1327 2382 2
1336 2356 1376 2395 5.
1408 2340 1521 2384 Satis
1536 2340 1588 2398 cst
1605 2341 1750 2394 vetas]
1791 2339 1904 2383 Satis
1930 2340 2066 2384 nimi-‘¹

1245 2413 1338 2441 rum
1359 2414 1433 2455 pro
1449 2399 1595 2448 valde,
1616 2399 1725 2454 (vid.
1743 2399 1891 2441 Burm.
1906 2401 1990 2457 Ep.
2009 2414 2066 2456 p.-

1247 2461 1290 2508 8,
1337 2466 1376 2499 et
1420 2471 1543 2514 quem
1586 2455 1726 2499 laudat
1771 2456 1962 2500 Broukh.
2002 2458 2054 2500 ad

1246 2513 1354 2557 Tib.
1378 2531 1421 2564 2,
1445 2531 1486 2567 7,
1510 2514 1604 2569 35‚)
1634 2529 1706 2571 pro
1735 2529 1819 2570 quo
1845 2515 1970 2557 etiam
1987 2523 2058 2572 erp-

1238 2570 1333 2628 pido
1359 2572 1549 2614 dixerunt
1578 2572 1813 2628 superiores,
1833 2587 1876 2615 v.
1897 2588 1944 2630 g.
1964 2573 2035 2616 Te

1244 2628 1399 2672 sentius
1418 2640 1457 2672 et
1477 2630 1566 2680 alii,
1586 2628 1648 2671 sed
1668 2629 1939 2688 Qinfiiliani
1953 2641 2055 2675 aetas

1245 2686 1347 2729 illud
1376 2687 1604 2745 respuebat,
1623 2702 1704 2729 non
1733 2696 1871 2730 tamen
1898 2688 1957 2731 ita
1984 2705 2054 2732 ve-

1245 2745 1465 2794 hementer,
1512 2754 1562 2787 ut
1599 2745 1790 2796 alterum,
1832 2744 2056 2802 Antigerio,

1245 2803 1356 2859 quod
1376 2813 1416 2845 et
1438 2802 1557 2861 supra
1581 2818 1620 2852 1,
1642 2805 1684 2854 6,
1699 2817 1775 2854 40.
1793 2802 2024 2847 damnavit.

1304 2864 1377 2902 26.
1418 2861 1668 2914 AErumnas]
1711 2862 1841 2903 'Forte
1877 2861 2054 2906 nimium

1242 2917 1310 2960 hic
1349 2918 1535 2975 indulget
1582 2918 1752 2961 auribus
1791 2919 1926 2970 aetati's
1972 2921 2055 2963 suae

1242 2976 1423 3019 Fabius:
1456 2985 1562 3019 certe
1580 2977 1718 3026 nobis,
1740 2977 1815 3033 qui
1834 2971 1938 3032 julii
1958 2977 2055 3021 Cae-

1242 3033 1339 3076 saris
1359 3044 1399 3076 et
1418 3034 1603 3091 Augusti
1629 3048 1762 3076 aevum
1790 3037 1964 3092 primam
1987 3034 2055 3078 di-

1242 3091 1359 3134 cendi
1395 3093 1579 3148 regulam
1621 3101 1832 3148 putamus,
1866 3091 2053 3136 interdici

1241 3163 1321 3191 non
1341 3152 1522 3207 patimur
1538 3148 1757 3199 vocabulo,
1775 3165 1859 3204 quo
1878 3149 1980 3206 saepe
2004 3166 2054 3192 u-

1242 3206 1308 3248 sus
1328 3207 1380 3250 est
1400 3207 1562 3259 Cicero,
1589 3207 1699 3263 quod
1727 3206 1887 3250 definiit
1917 3207 2059 3251 Tusc..

1242 3279 1288 3317 4,
1307 3267 1350 3313 8,
1379 3263 1655 3320 aegritudinem
1685 3263 1939 3323 laboriosam.
1991 3266 2053 3308 Si-

1242 3320 1394 3366 militer
1411 3323 1462 3365 de
1490 3323 1612 3365 verbo
1637 3336 1746 3374 reor,
1764 3331 1943 3374 autumo,
1955 3322 2054 3380 pro-

1240 3378 1312 3429 les,
1328 3380 1599 3433 judicandum
1614 3397 1628 3422 .·
1646 3380 1734 3422 vid.
1752 3379 1865 3423 Voss'.
1877 3395 1924 3433 4,
1950 3396 1989 3431 1,
2007 3395 2052 3433 7.

1242 3434 1451 3480 Notabilis
1470 3438 1524 3480 est
1543 3437 1656 3480 locus
1680 3438 1775 3480 Cic.
1795 3438 1846 3480 de
1865 3441 1985 3480 Orat.
2010 3454 2052 3491 3,

1249 3498 1316 3548 38.
1337 3495 1450 3538 Raro
1477 3496 1542 3552 (h.
1565 3510 1605 3540 e.
1625 3509 1903 3554 nonnunquam
1930 3496 2054 3541 Pear·
