2320 4030
186 1146 253 1200 62
275 1146 541 1217 loquetur.

185 1570 252 1638 63
279 1591 466 1624 crorum

585 305 865 355 INSTIT.
902 305 1238 356 ORATOR.
1272 306 1412 357 LIB.
1446 306 1561 357 ΧΠ.
1591 321 1670 357 10.

1882 319 1984 373 345

186 440 256 493 60
275 438 465 494 ceteris
498 440 805 506 virtutibuS,
841 440 933 494 suo
966 460 1165 514 genere
1197 440 1414 513 plenum
1457 441 1570 494 fit¹.
1643 440 1863 495 Medius
1899 442 1993 496 hic

274 512 469 565 modus
490 512 526 578 ¹,
549 522 606 565 et
635 511 1058 565 transsationibus
1089 512 1337 578 crebrior,
1362 523 1418 565 et
1440 511 1624 584 figuris
1661 512 1762 565 erit
1787 513 1991 583 jucun-

273 582 411 646 dior,
437 581 812 654 egreflionibus
835 601 1076 636 amoenus
1095 593 1148 649 ¹¹¹,
1175 583 1550 653 compofitione
1582 593 1756 654 aptuS,
1782 585 1994 636 senten-

272 653 365 706 tiis
387 652 580 718 dulciS,
602 653 774 714 lenior
808 663 1007 718 tamen,
1038 669 1121 707 UT
1142 663 1162 685 ⁰
1188 652 1358 706 amnis
1394 652 1604 706 lucidus
1668 653 1846 706 uidam
1866 664 1909 718 ⁰,
1935 664 1992 707 et

186 722 250 774 61
277 723 568 776 virentibus
603 723 874 793 utrimque
914 723 1050 776 silvis
1081 724 1431 778 inumbratur..

1504 723 1582 776 At
1613 723 1651 776 il
1673 742 1723 788 e,
1749 723 1844 794 qui
1875 724 1993 778 saxa.

274 793 540 859 devolvat,
564 805 620 846 et
646 804 842 866 pontem
863 794 1169 866 indignetur,
1190 804 1252 846 ’et
1283 794 1420 865 ripas
1457 793 1547 846 fibi
1583 792 1762 860 faciat,
1789 793 1993 848 multus

273 875 332 917 et
367 875 572 917 torrens
597 863 859 935 judicem,
885 864 969 917 vel
1005 864 1264 917 nitentem
1304 876 1505 928 contra,
1546 863 1700 931 feret,
1727 875 1992 945 cogetque

274 934 352 987 ire
373 954 479 1006 qua
502 936 656 1007 rapit.
694 935 803 988 Hic
827 946 1004 987 orator
1019 944 1075 988 et
1095 934 1376 988 defunctos
1401 934 1676 1000 excitabit,
1698 946 1759 987 ut
1771 937 1995 1008 Appzum

281 1006 512 1059 Caecum:
552 1005 693 1077 apud
717 1005 864 1059 hunc
888 1016 943 1058 et
976 1006 1143 1076 patria
1174 1006 1279 1075 ipsa
1311 1005 1654 1072 exclamabit,
1679 1005 1992 1077 aliquando-

276 1086 417 1147 quep
450 1076 740 1142 Ciceronem,
761 1076 815 1128 in
841 1076 1079 1128 oratione
1113 1086 1280 1128 contra
1310 1076 1582 1130 Catilinam
1607 1076 1660 1128 in
1686 1077 1886 1143 senatu,
1910 1076 1991 1130 al-

615 1147 724 1200 Hic
748 1156 804 1200 et
826 1147 1325 1219 amplificationibus
1350 1147 1571 1200 extollet
1599 1146 1913 1212 orationem,
1937 1157 1995 1202 et

277 1217 328 1270 vi
349 1229 372 1260 ‘1
416 1217 826 1288 superlationum
872 1236 1103 1298 quoque.
1130 1217 1335 1289 eriget:
1396 1218 1523 1272 Quae
1569 1218 1846 1289 Charybdis
1889 1229 1994 1272 tam

274 1308 438 1341 vorax
457 1291 488 1340 ἒ
525 1299 598 1353 et,
642 1288 861 1341 Oceanus
904 1289 1090 1341 medzus

265 1358 380 1431 jam
407 1358 636 1411 studiosis
659 1358 775 1411 haec
804 1358 1026 1412 lumina.

1507 1290 1653 1342 Nota
1689 1289 1809 1341 sunt
1845 1290 1993 1343 enim

1171 1290 1280 1341 dius
1319 1289 1435 1360 ipse.

1161 1359 1209 1412 ic
1237 1359 1364 1412 deos
1400 1358 1533 1430 ipsos
1567 1359 1624 1411 in
1661 1358 1993 1429 congressum

275 1448 438 1500 prope
478 1429 628 1482 suum
668 1421 1068 1501 sermonemque
1103 1428 1350 1495 deducet,
1384 1431 1476 1484 Vos
1517 1429 1643 1482 enim
1674 1429 1870 1483 Albani
1905 1440 1992 1484 tu·-

277 1501 400 1553 muli
429 1510 577 1572 atque
612 1499 713 1553 luci
732 1521 750 1552 .·
787 1520 893 1565 vos,
921 1501 1143 1572 inquam,
1169 1501 1488 1553 Albanorum
1522 1501 1713 1554 obrutae
1746 1520 1874 1567 arae,
1893 1502 1993 1574 sa-

523 1571 656 1644 opuli
681 1571 891 1623 Romani
896 1572 1053 1642 fhciae
1075 1582 1120 1623 et
1145 1571 1378 1644 aequales.

1453 1571 1562 1624 Hic
1584 1571 1735 1637 iram,
1764 1571 1855 1624 hic
1883 1571 1989 1625 mi-

276 1584 611 1695 sericorcliam
638 1641 928 1713 inspirabit,
952 1642 1042 1695 hic
1063 1642 1226 1707 dicet,
1253 1641 1322 1694 Te
1345 1642 1480 1694 vidit
1500 1653 1538 1708 ¹,
1564 1652 1611 1695 et
1621 1642 1800 1713 flevit,
1817 1652 1872 1694 ‘et
1895 1656 2007 1716 ap·-

268 1712 508 1784 pellavit,
534 1723 591 1766 et
628 1731 720 1784 per
755 1730 943 1766 omnes
984 1713 1200 1766 affectus
1243 1712 1494 1766 tractatur
1516 1723 1554 1765 ⁵.
1627 1713 1774 1766 Hinc
1810 1713 1991 1786 itaque

276 1784 409 1837 illuc
430 1784 682 1856 sequitur,
708 1803 793 1836 nec
824 1783 978 1837 doceri
997 1791 1011 1816 ³
1052 1783 1359 1854 desiderabit.

1435 1785 1614 1839 Quare
1647 1784 1680 1836 fi
1715 1800 1784 1836 ex
1820 1785 1993 1839 tribus

276 1853 365 1907 his
439 1854 687 1908 eneribus
711 1855 991 1908 necessario
1016 1854 1076 1907 fit
1110 1853 1419 1926 eligendum
1457 1871 1648 1919 unum,
1713 1854 1796 1908 uis
1831 1855 1992 1909 dubi-

277 1934 358 1978 tet
438 1935 539 1980 oc¹¹
580 1923 823 1996 praeferre
862 1924 1130 1992 omnibuS,
1169 1936 1225 1978 et
1261 1924 1631 1983 ,validiffimum
1725 1925 1894 1998 ioqui,
1936 1935 1994 1981 et

329 2111 341 2140 ¹
372 2129 442 2161 0221,
459 2114 634 2156 G.Jens.
769 2114 780 2141 ¹
810 2104 982 2155 om.2·1·d.'
1092 2120 1122 2139 m
1156 2114 1326 2155 amoenis
1343 2116 1449 2155 sens.
1586 2126 1605 2145 n
1635 2124 1676 2156 et
1693 2117 1745 2155 id.
1885 2122 1904 2142 ο
1934 2120 1991 2159 est

277 2167 344 2221 ins:
365 2169 419 2206 id.

530 2174 551 2202 Ρ
575 2169 641 2208 Sic
659 2170 709 2208 G.
724 2169 762 2208 J.
780 2170 867 2222 Ast.
891 2169 1060 2221 1519,f2
1082 2169 1204 2220 Lugd.
1229 2171 1344 2220 1528,
1365 2171 1406 2209 8.
1425 2167 1528 2222 Baffi
1548 2170 1584 2208 et‘
1601 2169 1653 2209 al.
1673 2179 1750 2209 tum
1768 2169 1890 2210 MSS.
1911 2179 1989 2211 tum

270 2222 360 2262 edd.
392 2230 455 2274 ap.
487 2223 620 2262 Burm.
653 2223 908 2274 aliquemque
941 2232 987 2262 ut
1018 2224 1252 2262 Ciceronem
1290 2223 1379 2263 Obr.
1422 2223 1678 2274 aliquemque
1704 2233 1752 2264 ut
1782 2226 1887 2275 apud
1923 2226 1991 2266 rel.

278 2282 298 2309 ἱ
330 2277 374 2314 in
391 2276 696 2328 superlationem
714 2277 818 2315 editt.
831 2276 935 2327 plur.

1099 2284 1113 2304 ¹
1140 2277 1264 2324 videt,
1285 2275 1500 2327 appellavit
1517 2285 1557 2315 et
1572 2277 1683 2316 flevit
1699 2278 1752 2316 G.
1781 2287 1816 2316 et
1838 2277 1930 2332 Vqffi
1950 2293 1989 2320 2.

278 2334 295 2358 ⁵
324 2331 480 2369 auditor
501 2332 584 2383 huc
611 2338 729 2380 atque
756 2330 852 2369 illuc
878 2331 1074 2381 sequetur,
1094 2341 1169 2368 nec
1188 2331 1318 2370 doceri
1337 2329 1569 2370 desiderabit
1588 2330 1680 2370 Obr.
1724 2331 1873 2382 Optime
1882 2333 1929 2383 f
1943 2348 1990 2372 ese

277 2384 394 2423 MSS.
413 2384 598 2423 tractatus
610 2384 736 2432 judex
754 2385 836 2423 huc
855 2386 931 2424 διε.
951 2384 1042 2435 cory'.
1060 2385 1193 2425 Burm.

275 2449 364 2478 cere
382 2437 451 2477 rel.
558 2444 577 2463 ¹¹
609 2439 721 2477 hunc
739 2437 790 2477 G.

343 2616 412 2656 59.
449 2601 530 2659 fid
561 2598 874 2658 quod—plenum
900 2599 976 2655 fit]
1023 2600 1093 2642 Ita

280 2659 483 2715 intelligo.
528 2657 686 2702 Subtile
717 2657 819 2700 illud
849 2672 978 2713 genus
1010 2672 1093 2700 non

282 2725 443 2759 tantum
464 2726 600 2774 partes
629 2715 825 2758 orationis
843 2715 977 2765 decet,
998 2729 1092 2757 nar-

280 2775 495 2824 rationem,
514 2773 901 2832 probationemque:
935 2773 998 2815 sed
1029 2783 1093 2815 to-

282 2840 347 2874 tas
379 2832 503 2874 etiam
535 2832 754 2882 orationes,
773 2845 868 2886 quae
897 2831 1093 2888 probabi-

282 2888 358 2939 les,
381 2892 457 2947 pro
485 2890 669 2942 materiae
694 2888 889 2931 nimirum
922 2889 1094 2939 ratione,

281 2946 355 2990 esse
385 2947 559 3005 possunt,
576 2947 700 2990 etiam
727 2944 923 2989 detractis
939 2944 1096 2988 caeteris

280 3003 524 3055 virtutibus,
543 3005 588 3048 h.
608 3019 647 3047 e.
679 3003 802 3046 etiam
836 3002 863 3045 fi
894 3003 996 3046 nihil
1025 3017 1094 3045 ne-

316 3075 365 3104 ue
393 3061 584 3106 floridum
609 3061 788 3104 habeant
815 3074 946 3116 neque
972 3075 1095 3118 gran-

282 3077 363 3162 ἓεε
386 3120 549 3176 ρῶηιιηι
574 3120 705 3176 igitur
732 3119 785 3162 est
817 3118 1015 3161 sufficiens
1046 3133 1093 3160 ac

284 3191 357 3235 per
388 3178 425 3220 se
460 3176 631 3235 implens
661 3177 901 3226 orationem,
932 3185 980 3219 ut
1011 3174 1094 3217 alio

284 3249 428 3293 genere
446 3250 551 3292 opus
571 3248 651 3277 non
670 3233 732 3276 fit.

345 3295 393 3334 61
407 3322 416 3333 .
454 3293 573 3351 saxa
606 3289 833 3344 devolvat]
883 3290 1011 3333 Cum'
1030 3304 1091 3332 re-

284 3349 310 3392 s
330 3348 437 3400 estu,
458 3349 569 3406 quod
602 3349 735 3391 visum
768 3349 1021 3398 Burni-inno,
1042 3347 1093 3390 ad

283 3366 355 3450 illa
387 3407 550 3450 Horatii
578 3406 663 3448 od.
693 3419 738 3458 4,
762 3420 802 3455 2,
828 3420 898 3454 ιι,
925 3405 975 3448 de
995 3405 1094 3447 Pin-

281 3465 398 3514 daro,
418 3465 500 3507 Per
525 3464 702 3506 audaces
729 3477 845 3506 nova
871 3461 1094 3521 dithyram-

280 3522 347 3566 bos
375 3521 507 3566 Verba
524 3520 734 3566 devolvit.
781 3521 956 3566 Dixerat
970 3519 1094 3563 'Mon-

1373 2387 1387 2414 t
1414 2384 1552 2424 decere
1569 2385 1621 2424 G.
1639 2386 1769 2424 doceri
1787 2387 1893 2426 Jens.
1920 2388 1992 2426 do·

1172 2606 1213 2642 te
1229 2599 1443 2642 decurrens
1459 2598 1581 2642 velut
1596 2598 1727 2644 amnis
1746 2599 1825 2644 &c.
1882 2603 1988 2646 Pon.

1171 2664 1252 2699 tem
1279 2657 1514 2713 indignatus
1549 2667 1598 2700 ut
1630 2656 1699 2700 ille
1731 2659 1989 2717 Virgilianu's

1173 2714 1340 2756 Araxes
1376 2716 1485 2758 AEn.
1530 2718 1571 2765 8,
1608 2715 1713 2768 728.
1759 2717 1987 2771 Nimirum,

1173 2781 1378 2828 praccepta
1397 2782 1437 2814 et
1456 2773 1523 2815 hic
1544 2771 1636 2814 fimt
1654 2771 1769 2816 limul
1787 2777 1986 2834 exempla.

1175 2830 1272 2871 Huc
1302 2830 1502 2886 pertinent
1531 2830 1672 2880 etiam,
1691 2832 1786 2888 quae
1813 2832 1989 2890 sequun-

1175 2895 1260 2936 tur,
1289 2886 1439 2942 Appius
1463 2886 1664 2929 excitatus
1690 2903 1764 2946 pro
1788 2891 1925 2934 Coelio
1945 2908 1986 2935 c.

1179 2957 1250 2994 14.
1283 2944 1435 2986 Patria
1450 2944 1658 2988 exclamat
1674 2947 1717 2988 in
1736 2946 1866 2991 Catil.
1887 2963 1928 3000 1,
1943 2966 1984 3004 7.

1177 3001 1402 3043 Ciceronem
1430 3011 1567 3044 autem
1584 3002 1802 3059 alloquitur
1818 3006 1923 3049 ibid.
1945 3021 1985 3050 e.

1182 3073 1195 3099 1
1211 3074 1250 3108 1,
1293 3059 1359 3101 M.
1381 3058 1490 3102 Tulli
1503 3059 1604 3117 quid
1617 3059 1708 3116 agis
1727 3062 1809 3114 δερ.
1892 3079 1985 3107 uem

1176 3115 1312 3158 locum
1350 3131 1446 3160 cum
1493 3131 1576 3159 non
1622 3118 1888 3164 animadverti
1920 3134 1989 3166 ent

1174 3173 1346 3229 quidam
1365 3174 1557 3225 editores,
1571 3177 1840 3222 mutationem
1861 3188 1988 3224 teme-

1173 3245 1217 3274 re
1274 3231 1521 3277 induxerunt
1577 3232 1698 3290 supra
1743 3234 1983 3281 indicatam.

1174 3289 1285 3331 Nam
1313 3288 1409 3331 libri
1439 3289 1600 3347 antiqui
1629 3301 1719 3333 tum
1748 3306 1871 3336 manu
1888 3310 1985 3340 exa·

1172 3346 1254 3389 rati
1284 3356 1373 3389 tum
1406 3345 1553 3390 formis
1585 3347 1684 3398 cufi,
1702 3350 1817 3406 quod
1844 3351 1984 3405 sciam,

1172 3418 1309 3446 omnes
1328 3403 1538 3448 nobiseum
1556 3402 1734 3448 faciunt.

1232 3464 1304 3503 62.
1339 3464 1440 3519 Quae
1458 3461 1699 3520 Charybdis]
1731 3463 1917 3526 Philipp.
1941 3483 1985 3521 ι,

1178 3534 1250 3572 27.
1274 3521 1347 3562 Vos
1364 3520 1470 3562 enim
1488 3518 1637 3578 Albani
1655 3522 1901 3580 pro.Milon.
1913 3541 1984 3581 3¹·
