2320 4030
300 343 401 393 292.
691 325 768 374 Μ.
803 321 1008 373 FABII
1045 323 1622 374 QUINCTILIANI
1706 326 1708 329 ’

301 462 451 514 nimo
491 469 765 513 momento
805 459 1029 515 finister:
1069 479 1246 534 genua
1282 458 1441 524 reeta,
1477 460 1543 513 fic
1578 454 1786 524 tamen,
1811 468 2015 514 utnon

304 531 674 584 extendantur.
749 533 979 584 Humeri
1003 533 1190 585 remiffi
1210 542 1252 598 Ζ,
1278 532 1458 584 vultus
1494 531 1718 594 severUS,
1743 548 1849 582 non
1876 550 2004 583 moe-

305 603 424 667 stus,
452 621 550 655 nec
578 603 804 674 stupenS,
831 622 929 654 nec
955 603 1272 674 languidus:
1311 602 1528 669 brachia
1550 620 1580 653 a
1615 601 1778 653 latere
1809 602 2020 655 modice

303 684 540 726 remota:
581 692 770 725 manus
806 672 1012 738 finistra,
1038 673 1250 743 qualem
1284 673 1431 742 supra
1462 671 1846 724 demonstravi:
1887 672 2018 725 dex-

301 754 401 810 tra,
429 762 551 796 cum
582 744 697 815 jam
729 743 1090 813 incipiendum
1126 744 1244 806 erit,
1270 743 1508 812 paullum
1548 743 1746 813 prolata
1778 743 1920 795 ultra
1954 743 2018 794 fi-

304 833 434 867 num
462 816 610 886 gestu
638 833 799 885 quam
836 814 1219 878 modestiffim0‚
1250 814 1395 866 velut
1429 814 1731 884 exspectans
1755 825 1774 845 ³
1806 813 2021 883 quando

303 884 665 954 incipiendum
690 885 769 937 fit.
841 884 1045 937 Vitiosa
1069 884 1212 937 enim
1239 884 1358 936 sunt
1382 884 1491 948 illa,
1518 884 1712 936 intueri
1737 884 2018 949 lacunaria,
2044 891 2117 930 160

305 955 582 1026 perfricare
605 954 812 1020 faciem,
841 964 896 1007 et
920 956 1057 1025 quasi
1084 955 1378 1025 improbam
1404 954 1575 1007 facere
1600 977 1612 1007 ι
1653 955 1868 1008 tendere
1889 974 2020 1007 con-

307 1026 522 1078 fidentia
546 1025 775 1091 vultum,
802 1034 912 1090 aut,
940 1045 1048 1095 quo
1083 1026 1144 1077 fit
1177 1025 1347 1096 magis
1384 1037 1584 1089 torvuS,
1611 1025 1901 1095 superciliis
1924 1025 2021 1078 ad-

306 1096 557 1168 stringere
578 1117 591 1148 :
632 1115 692 1148 ca
731 1096 850 1148 illos
875 1115 906 1148 a
929 1096 1102 1149 fronte
1127 1109 1309 1148 contra
1334 1107 1572 1148 naturam
1599 1107 1738 1148 retro
1761 1114 1936 1167 agere,
1958 1099 2041 1158 ⁴ut‘

307 1165 368 1219 ‘fit
389 1169 413 1200 ¹³
458 1168 639 1220 horror
677 1115 766 1220 ille
801 1167 1086 1219 terribilis:
1127 1178 1262 1232 tum,
1291 1166 1344 1218 id
1382 1166 1527 1237 quod
1563 1167 1735 1219 Graeci
1774 1167 2040 1238 frequen-'

307 1238 494 1290 tiffime
519 1238 740 1304 faciunt,
767 1238 952 1291 crebro
976 1237 1267 1310 digitorum
1293 1237 1556 1290 labiorum
1599 1255 1664 1288 ue
1689 1247 1849 1301 motu·
1873 1255 2026 1290 com·-
2058 1299 2062 1302 ,

308 1309 551 1372 mentari,
587 1309 726 1362 clare
769 1307 1047 1374 exscreare,
1080 1309 1268 1379 pedem
1312 1308 1534 1360 alterum
1562 1257 1737 1379 clonge
1776 1308 2025 1378 proferre,

306 1391 508 1451 partem
548 1391 692 1452 togae
730 1379 917 1432 sinistra
952 1390 1151 1444 tenere,
1182 1381 1308 1431 stare
1342 1379 1616 1431 diductum
1646 1378 1728 1431 vel
1766 1379 2024 1450 rigidum,

307 1450 393 1502 vel
429 1450 692 1521 supinum,
719 1450 803 1502 vel
838 1451 1135 1516 incurvum,
1162 1450 1244 1501 vel
1282 1451 1537 1515 humeris,
1563 1461 1623 1502 ut
1659 1449 1908 1503 luctaturi
1941 1450 2025 1502 so-

307 1521 439 1587 lent,
465 1521 532 1573 ad
566 1522 872 1593 occipitium
901 1521 1093 1575 duffis.
1170 1522 1430 1573 Prooemio
1455 1520 1865 1591 frequentissime
1888 1521 2026 1574 lenis
2046 1529 2115 1569 161

309 1592 557 1646 convenit
594 1591 975 1663 pronuntiatio·
1049 1591 1204 1645 Nihil
1241 1594 1311 1644 est
1345 1592 1486 1644 enim
1525 1591 1590 1644 ad
1630 1591 2027 1646 conciliandum

309 1663 513 1735 gratius
554 1663 899 1716 verecundia:
939 1682 1046 1715 non
1086 1675 1264 1715 tamen
1299 1663 1517 1733 semper.
1591 1663 1712 1715 Nec
1744 1663 1886 1716 enim
1918 1682 2028 1724 uno

309 1734 471 1787 modo
508 1733 758 1787 dicuntur
794 1733 1027 1799 exordia,
1055 1746 1119 1787 ut
1155 1733 1331 1798 docui.
1407 1733 1723 1805 Plerumque
1759 1743 1936 1787 tamen
1973 1745 2030 1788 et

309 1823 413 1857 vox
444 1815 749 1876 temperata,
774 1823 835 1857 ac
872 1806 1044 1876 gestus
1077 1805 1357 1870 modestus,
1386 1816 1440 1856 et
1476 1805 1658 1858 sedens
1690 1805 1916 1858 humero
1939 1816 2026 1858 to-

308 1886 399 1946 ga,
435 1887 491 1928 et
527 1875 749 1929 laterum
785 1876 921 1928 lenis
958 1876 1013 1928 in
1048 1887 1330 1946 utramque
1368 1887 1566 1946 partem
1603 1886 1801 1941 motuS,
1835 1876 2041 1940 eodem‘

309 1947 663 2017 spectantibus
714 1947 905 2010 oculiS,
948 1947 1178 2000 decebit.
1251 1947 1501 1999 Narratio
1547 1946 1718 2018 magis
1767 1947 2026 2018 prolatam
2049 1958 2119 1999 162

235 2068 238 2070 .
309 2037 549 2083 manum,
575 2018 830 2071 amictum
862 2018 1213 2082 recidentem,
1248 2019 1453 2089 gestum
1492 2017 1811 2083 distinctum,
1840 2036 2030 2074 vocem

308 2090 535 2141 sermoni
573 2090 883 2160 proximam,
908 2107 970 2142 ac
1002 2101 1209 2142 tantum
1248 2089 1578 2158 apertiorem,
1605 2090 1791 2142 sonum
1831 2089 2046 2172 fimpli-·

310 2177 427 2212 cem
455 2159 868 2231 frequentissime
891 2160 1171 2231 postulabit
1195 2160 1246 2212 in
1275 2160 1359 2211 his
1385 2161 1656 2223 duntaxat,
1688 2159 1901 2230 Quintus
1925 2162 2034 2233 egi--

311 2241 393 2282 tur
434 2231 694 2310 Ligarius,
733 2251 840 2283 cum
877 2232 987 2302 efflet
1026 2232 1219 2284 adhaec
1262 2231 1407 2285 nulla
1453 2232 1565 2284 belli
1584 2233 1654 2303 su
1671 2231 1817 2304 picio,
1854 2242 1928 2299 et,
1954 2238 2032 2298 A.

315 2302 568 2354 Cluentzus
595 2302 817 2354 Habitus
839 2313 979 2373 pater
1003 2303 1214 2374 hujusbe.
1288 2302 1454 2355 Aliud
1480 2301 1533 2355 in
1560 2321 1620 2355 ea
1659 2322 1744 2355 em
1769 2303 2031 2375 poscuntd,

310 2373 549 2437 affectuS,
589 2372 671 2425 vel
712 2373 982 2438 concitati,
1024 2374 1185 2426 Nubit
1226 2394 1405 2444 genero
1468 2376 1605 2427 'ocrus
1627 2394 1643 2425 .·
1675 2374 1766 2427 vel
1806 2374 2028 2441 flebiles,

314 2442 634 2515 Constituitur
658 2443 710 2495 in
717 2444 840 2515 jbro
866 2444 1126 2497 Laodiceae
1145 2455 1163 2476 ⁶
1185 2447 1417 2515 spc’Hacu
1442 2466 1522 2497 um
1548 2446 1770 2498 acerbum
1805 2455 1852 2498 et
1886 2447 2027 2516 m-ise-

311 2535 420 2566 rum
445 2515 533 2567 toti
556 2515 610 2566 A
599 2515 702 2584 siae
718 2514 1011 2586 provinciae.
1081 2516 1319 2568 Maxime
1346 2516 1485 2568 varia
1508 2529 1562 2568 et
1586 2517 1867 2588 multiplex
1891 2517 2030 2571 aetio
2053 2528 2122 2578 163

311 2587 384 2637 est
418 2585 810 2655 probationum.
885 2587 1031 2639 Nam
1067 2588 1157 2638 ets
1193 2605 1502 2658 proponere,
1533 2587 1729 2657 partiri,
1764 2588 2032 2641 ginterro-

312 2675 459 2727 gare,
496 2656 719 2708 sermoni
757 2658 878 2709 sunt
914 2657 1170 2727 proxima,
1199 2669 1255 2709 et
1291 2658 1765 2712 contradictionem
1807 2659 2030 2714 sumere.

314 2729 460 2779 Nam
502 2745 563 2778 ea
601 2746 812 2798 quoque
851 2727 1047 2780 diversa
1081 2729 1360 2799 propositio
1392 2730 1481 2781 est.
1559 2730 1662 2782 Sed
1697 2729 1816 2782 haec
1851 2740 2031 2784 tamen

313 2798 599 2868 aliquando
644 2797 939 2863 irridentes,
978 2799 1258 2870 aliquando
1299 2799 1569 2852 imitantes
1606 2801 2029 2872 pronuntiamus·

312 2869 727 2939 Argumentatio
761 2869 1070 2940 plerumque
1107 2870 1315 2941 agilior,
1341 2881 1394 2922 et
1429 2871 1614 2937 acrior,
1648 2882 1704 2924 et
1737 2873 2028 2939 instantior,
2054 2886 2126 2936 164

316 2939 732 2994 consentientem
764 2940 988 2993 orationi
1021 2941 1246 3013 postulat
1272 2942 1433 2996 etiam
1465 2944 1689 3014 gestum,
1715 2942 1770 2996 id
1806 2945 1893 3010 est,
1922 2943 2028 2997 for-

332 3100 334 3103 Ι
372 3125 387 3145 2
425 3120 511 3160 Vid.
534 3120 604 3172 leg.
625 3121 798 3160 demiffi:
828 3122 899 3175 ng'fi
914 3131 1034 3161 tamen
1053 3125 1198 3163 eandem
1216 3125 1298 3163 vim
1315 3124 1447 3164 habent
1464 3125 1622 3164 remiffi.
1807 3131 1825 3152 ²
1853 3126 2032 3179 spefiians

317 3174 369 3212 G.
389 3175 493 3214 Jens.
603 3175 620 3199 b
653 3175 680 3214 fi
698 3177 803 3215 Jens.
911 3183 927 3202 ‘²
959 3179 1001 3215 in
1022 3180 1155 3217 Africa
1172 3180 1222 3218 G.
1241 3180 1346 3219 Jens.
1475 3181 1492 3205 ‘¹
1524 3180 1657 3232 poscet
1673 3179 1778 3219 Jens.
1874 3209 1887 3221 .-
1906 3187 1922 3207 θ
1954 3183 2031 3222 Lo-

316 3230 439 3267 diceae
459 3229 511 3267 id.
622 3228 638 3253 f
663 3244 732 3271 om.
755 3229 807 3269 id.
918 3236 935 3260 Β
968 3241 1006 3270 et
1025 3232 1090 3285 ¹¹⁷1st
1111 3233 1159 3272 G.

335 3429 338 3432 Δ
381 3401 396 3426 x
409 3388 484 3427 62.
517 3389 575 3443 Q
592 3385 721 3442 igitur
739 3386 955 3443 Ligarius]
985 3388 1132 3431 Statim
1275 3392 1374 3442 163.
1401 3390 1754 3434 *contradidionem
1758 3391 1945 3450 sumere]
1967 3393 2028 3436 Ut

316 3458 357 3485 c.
386 3458 424 3485 1.
478 3444 529 3486 A.
562 3444 766 3487 Cluentius
798 3454 839 3488 et
870 3444 972 3488 illud
1007 3446 1133 3488 Nubit
1212 3447 1340 3504 vulgo
1371 3449 1582 3506 adsumere
1611 3458 1893 3506 argumentum
1921 3451 2029 3493 dici-

310 3514 458 3554 genero
486 3517 560 3559 pro
591 3503 758 3546 Cluent.
784 3518 824 3559 ς.
875 3503 1133 3561 Constituitur
1212 3515 1299 3556 tur,
1331 3506 1372 3546 h.
1394 3519 1432 3548 e.
1468 3521 1510 3548 re
1542 3517 1644 3549 etere
1682 3508 1800 3560 illud,
1831 3508 1944 3566 quod
1973 3510 2028 3551 ab

319 3561 362 3599 in
383 3560 501 3601 verr.
528 3576 567 3610 1,
594 3575 659 3613 30.
1214 3562 1438 3608 adversario
1456 3564 1500 3606 di
1546 3579 1615 3608 um
1637 3565 1705 3608 est.
1886 3575 1888 3577 '
