2320 4030
599 287 880 340 INSTIT.
915 285 1272 344 ORATOR.⁴
1297 288 1435 338 LIB.
1468 290 1533 339 X.
1573 305 1617 338 1.
1859 289 1969 356 ,185

1120 389 1126 410 l

243 427 488 482 Homero
523 424 763 480 crederet
797 425 1033 489 maxime
1073 425 1343 492 accedere,
1380 425 1652 490 Secundus,
1692 423 1884 496 inquit,
1911 424 1977 496 aest

250 497 524 572 Virgilius,
545 497 744 571 propior
769 506 932 550 tamen
950 497 1132 570 primo,
1159 517 1309 570 quam
1334 497 1493 549 tertio·
1568 497 1643 548 Et
1665 495 1844 549 hercle
1870 510 1932 550 ut
1949 506 1974 540 ¹1

160 576 165 579 ’
241 569 327 623 illi
353 579 555 622 naturae
576 569 773 621 coelesti
799 580 962 640 atque
988 568 1280 621 immortali
1306 567 1625 632 cefferimuS,
1653 566 1726 620 ita
1750 585 1892 623 curae
1918 577 1977 621 et

242 641 540 713 diligentiae
565 638 650 693 vel
684 638 808 692 ideo
832 640 888 691 in
911 639 1016 692 hoc
1040 640 1160 712 plus
1184 640 1274 705 est,
1299 638 1450 710 quod
1476 638 1526 691 ei
1552 638 1658 691 fuit
1691 638 1868 710 magis
1892 639 1971 690 la·

242 712 582 766 horandum:
623 719 679 763 et
718 721 982 782 quantum
1002 721 1020 744 ‘
1057 709 1504 763 eminentioribus
1545 708 1825 774 vincimur,
1859 708 1974 761 for-4

154 778 221 848 87
246 783 370 836 taffe
396 782 698 854 aequalitate
733 781 1029 852 pensamus,
1104 781 1284 834 Ceteri
1320 798 1508 833 omnes
1546 781 1712 852 longe
1747 779 1971 852 sequen-

244 864 351 908 tur.
425 854 572 907 Nam
597 853 779 906 Macer
799 862 855 905 et
878 852 1137 906 Lucretius
1159 852 1376 935 legendi
1400 850 1641 924 quidem,
1665 850 1752 904 sed
1778 870 1884 903 non
1910 860 1974 904 ut

158 931 165 935 “
242 925 472 997 phrafin,
505 924 561 977 id
586 924 690 990 est,
712 942 919 994 ,corpus
956 923 1278 996 eloquentiae
1317 923 1551 976 faciant:
1605 922 1877 995 elegantes
1917 923 1973 975 in

243 997 336 1050 sua
381 995 601 1068 quisque
647 995 887 1058 materia,
933 995 1022 1048 sed
1070 995 1204 1048 alter
1251 994 1498 1060 humilis,
1543 993 1675 1047 alter
1723 993 1973 1048 difficilis.

243 1068 512 1122 Attacinus
530 1076 546 1100 ⁸
595 1065 750 1120 Varro
775 1066 829 1118 in
866 1066 952 1132 iis,
979 1084 1071 1138 per
1094 1085 1213 1137 quae
1239 1084 1436 1119 nomen
1472 1066 1544 1119 est
1580 1065 1858 1130 assecutus,
1885 1065 1971 1118 in-

244 1149 444 1211 terpres
480 1138 657 1210 operis
695 1137 874 1203 alieni,
909 1155 1016 1190 non
1052 1138 1372 1210 spernendus
1411 1137 1651 1210 quidem,
1686 1154 1871 1190 verum
1905 1136 1977 1190 ad

155 1205 222 1258 88
244 1209 545 1283 augendam
576 1208 885 1262 facultatem
921 1208 1134 1262 dicendi
1169 1227 1356 1280 parum
1389 1207 1650 1280 locuples·
1727 1207 1974 1274 Ennium,

244 1282 377 1335 ficut
411 1281 582 1334 sacros
617 1281 870 1333 vetustate
904 1279 1073 1346 lucos,
1105 1279 1403 1344 adoremus,
1428 1279 1484 1332 in
1557 1279 1713 1332 uibus
1750 1279 1977 1351 grandia

243 1352 436 1406 etanti
476 1371 545 1405 ua
567 1352 758 1405 robora
785 1351 915 1423 jam*
935 1370 1044 1404 non
1071 1362 1276 1404 tantam
1303 1297 1557 1403 habente(l
1587 1351 1778 1415 eciem,
1805 1369 1976 1421 quan-

244 1433 356 1480 tam
391 1441 449 1476 re
473 1423 730 1496 igionem.
805 1422 1076 1494 Propior-es
1111 1422 1220 1488 alii,
1248 1432 1410 1494 atque
1444 1421 1533 1474 ad·
1586 1441 1685 1475 anc
1711 1421 1916 1493 phrasin
1934 1429 1974 1488 τ’,

244 1494 314 1548 de
338 1512 444 1577 qua
476 1494 768 1566 loquimur,
792 1494 964 1566 magis
991 1493 1166 1546 utiles.
1241 1493 1491 1546 Lascivus
1525 1492 1742 1563 quidem
1773 1493 1827 1544 in
1854 1494 1975 1546 He-

245 1566 407 1620 roicis
485 1583 666 1637 uoque
714 1565 946 1631 Ovidius,
993 1576 1050 1618 et
1090 1564 1319 1619 nimium
1366 1574 1571 1617 amator
1610 1564 1817 1636 ingenii
1858 1563 1973 1618 sui:

155 1634 225 1706 89
245 1584 548 1694 laudandus
573 1647 752 1689 tam-en
777 1636 831 1688 in
848 1645 869 1668 ¹¹
907 1631 1166 1709 partibus,
1246 1635 1499 1689 Cornelius
1535 1645 1715 1688 autem
1744 1636 1978 1703 Severus,

247 1707 448 1770 etiamfi
486 1707 795 1761 versificator
833 1727 997 1780 quam
1038 1719 1197 1778 poeta
1233 1707 1442 1772 melior,
1484 1708 1518 1759 fi
1563 1719 1765 1773 tamen,
1806 1716 1867 1759 ut
1907 1708 1979 1760 est

208 1779 209 1784 ’
247 1780 473 1845 dietum,
499 1778 571 1832 ad
598 1778 876 1851 exemplar
898 1789 921 1812 ¹
963 1779 1120 1850 primi
1165 1779 1287 1833 libri
1323 1779 1529 1832 bellum
1572 1779 1816 1832 Siculum
1852 1797 1978 1849 per-

247 1850 534 1923 scripfiffet,
566 1850 862 1904 vindicaret
881 1860 904 1894 Υ
945 1850 1039 1903 fibi
1069 1850 1194 1922 jure
1227 1849 1515 1904 secundum
1548 1849 1751 1903 locum.
1827 1850 1934 1903 Sed
1954 1859 1982 1883 ²

248 1919 376 1987 ¹eum
414 1921 765 1995 consummari
803 1934 962 1977 mors·
984 1922 1269 1976 immatura
1304 1938 1411 1975 non
1446 1920 1586 1994 paffa
1616 1921 1718 1975 est:
1757 1921 1981 1994 puerilia

303 2113 323 2140 ‘¹
348 2119 446 2159 cum
464 2107 517 2148 G.
617 2111 634 2132 ¹'
656 2114 808 2157 quanto
827 2106 917 2159 plus
935 2119 1017 2147 em.
1036 2106 1240 2146 vincimus
1257 2104 1364 2145 Jens.
1467 2108 1482 2129 ⁸
1507 2104 1703 2144 Acatinus
1721 2105 1774 2146 G.
1871 2105 1887 2130 ἵ
1907 2119 1977 2146 om.

250 2149 427 2203 &s'enfi
537 2166 556 2186 ¹⁸
590 2158 747 2212 parciu's
766 2162 834 2201 iid.
942 2166 960 2186 ¹
993 2160 1230 2211 exemplum
1250 2161 1302 2198 G.
1423 2166 1447 2198 Y
1470 2158 1599 2207 judic.
1617 2160 1723 2198 Jens.
1847 2163 1866 2185 ²
1898 2159 1978 2199 Va·-

248 2216 396 2261 &enum
414 2215 524 2279 cons.
542 2215 633 2272 Bas]
653 2224 689 2254 et
709 2215 767 2256 al.
793 2216 1018 2270 Terrenum
1041 2217 1085 2255 V.
1111 2215 1156 2254 C.
1176 2214 1279 2255 Alm.
1300 2214 1519 2253 Farrenum
1537 2211 1630 2266 Wffi
1654 2226 1670 2253 1
1694 2222 1730 2252 et
1745 2225 1767 2264 3
1798 2221 1861 2266 ap.
1879 2215 1976 2254 Bur.

312 2367 385 2408 86.
435 2371 482 2417 ut
506 2361 571 2412 illi
606 2363 794 2417 uaturae]
844 2362 1067 2420 Ingenium

249 2422 396 2482 itaque
422 2422 555 2476 majus
587 2423 772 2469 Homero
802 2421 954 2470 tribuit
986 2422 1069 2464 Fa·

250 2482 383 2535 biu83
426 2495 537 2524 curae
569 2491 610 2523 et
641 2479 870 2537 diligentiae
906 2478 1070 2522 laudem

251 2539 493 2598 ampliorem
520 2539 575 2581 ob
604 2538 683 2586 hoc
712 2538 726 2580 i
758 2538 845 2586 sum
871 2537 1068 2594 Virgilio,

252 2597 366 2655 quod
383 2596 424 2640 ei
440 2595 574 2652 magis
592 2595 686 2652 fuit
762 2595 1000 2646 horandum,
1021 2606 1070 2641 ut

251 2656 468 2706 nimirum,
488 2655 606 2712 quod
627 2653 770 2698 deeffet
792 2655 974 2710 ingenio,
995 2669 1070 2696 cu-

251 2728 302 2757 ra
318 2723 361 2758 et
387 2723 471 2757 arte
502 2726 552 2756 ex
581 2713 696 2756 leret.
740 2713 857 2755 Loco
887 2712 1072 2755 obscuri-

252 2773 355 2822 tatis
385 2730 580 2815 nonnihii)
602 2771 781 2818 offundit
810 2769 880 2814 illa
918 2770 1075 2827 figura,

253 2830 367 2888 quod
398 2845 470 2889 per
500 2829 913 2886 communicationem
941 2843 1072 2886 quan.-

253 2889 354 2938 dam
379 2889 515 2946 prima
546 2888 711 2946 persona
737 2885 910 2946 pluralis
938 2887 1074 2931 utitur

254 2948 338 2991 &c.
359 2948 420 2991 AE
420 2945 660 3005 qualitatem
676 2947 918 3004 interpretor
935 2959 1072 3003 aequa-

251 3003 468 3065 pilitatem.

309 3067 388 3116 37.
418 3063 526 3106 alter
550 3060 727 3112 humilis,
745 3061 854 3104 alter
879 3059 1069 3116 difficilis]

255 3121 404 3165 Macer
436 3122 561 3169 etiam
590 3120 659 3163 ille
697 3121 895 3177 antiquus
927 3121 1074 3170 herba-

252 3179 369 3233 rum'
384 3188 522 3237 poeta,
542 3179 660 3234 cujus
689 3177 791 3221 nihil
821 3187 983 3220 aetatem
1004 3187 1074 3224 tu-

257 3229 326 3286 lit,
348 3238 421 3293 (ne
437 3238 489 3281 de
509 3251 575 3287 ec,
593 3237 670 3293 qui
696 3250 805 3279 nunc
835 3234 1074 3279 circumfer-

258 3295 331 3353 tur
360 3297 437 3339 hoc
467 3296 630 3339 nomine
660 3296 755 3352 quis
789 3295 965 3354 cogitet)
995 3294 1074 3346 hu-

258 3351 373 3401 milis
404 3353 459 3397 est
519 3369 566 3396 ro
596 3362 658 3395 ter
687 3353 919 3409 argumenti
948 3353 1076 3394 ratio-

238 3414 384 3467 ‘oem3
432 3411 486 3464 di,
522 3369 614 3455 ciiis
654 3411 876 3453 Lucretius
915 3418 955 3451 et
994 3408 1076 3467 ipse

259 3470 428 3527 propter
443 3469 657 3523 materiam
677 3467 968 3516 abstrusiorem.
1055 3497 1060 3502 -

321 3530 393 3580 87.
422 3526 622 3587 interpres
650 3525 778 3583 operis
808 3522 954 3580 alieni]
986 3525 1075 3579 Ar.

1150 2362 1471 2420 gonauticorum
1490 2360 1711 2418 Apollonii
1735 2361 1912 2406 Rhodii.

1211 2424 1284 2476 89.
1315 2430 1361 2462 ut
1389 2421 1442 2477 est
1471 2418 1643 2473 didam]
1676 2419 1725 2462 A
1753 2427 1868 2476 quo?
1899 2429 1974 2464 aut

1151 2479 1225 2521 ubi
1242 2485 1257 2520 ?
1289 2493 1384 2521 nam
1407 2481 1448 2521 in
1469 2478 1546 2521 hoc
1564 2478 1732 2534 quidem
1752 2493 1870 2535 opere
1889 2494 1972 2523 non

1150 2546 1254 2595 puto
1273 2537 1520 2580 mentionem
1539 2535 1652 2578 illius
1673 2534 1842 2580 saetam.
1876 2539 1972 2590 An,

1151 2596 1263 2652 quod
1297 2595 1365 2638 hic
1397 2594 1448 2637 de
1485 2593 1581 2637 bello
1618 2593 1748 2637 Siculo
1786 2595 1973 2653 scripfiffe

1150 2653 1324 2703 dicitur,
1350 2667 1444 2711 pars
1473 2653 1586 2696 illius
1615 2654 1750 2710 operis
1779 2652 1844 2696 vel
1873 2658 1975 2708 ωάρ-

1151 2727 1245 2764 εςγον
1275 2711 1330 2764 est
1362 2712 1498 2762 AEtna
1534 2724 1714 2760 carmen,
1749 2712 1861 2768 quod
1897 2711 1972 2755 sub

1152 2772 1240 2822 ejus
1272 2770 1437 2813 nomine
1464 2771 1508 2812 in
1535 2768 1759 2812 CataleStis
1788 2778 1973 2814 veterum

1153 2828 1374 2871 Poetarum
1447 2828 1590 2870 nitur?
1961 2851 1963 2854 ⁴

1215 2890 1288 2942 89.
1319 2843 1508 2928 Sexum
1529 2883 1816 2943 consummari]
1839 2885 1970 2931 Putat

1155 2944 1420 2987 Burmannus
1450 2943 1518 2987 hic
1550 2944 1719 2986 omnino
1748 2943 1873 2987 latere
1900 2960 1975 2988 no-

1154 3017 1248 3046 men
1266 3003 1440 3056 alicujus
1460 3013 1606 3060 poetae.
1655 3004 1715 3044 Et
1732 3002 1873 3045 suadet
1895 3004 1975 3047 hoc

1154 3060 1355 3118 propofita
1374 3061 1495 3118 supra
1514 3062 1703 3103 varietas.
1748 3060 1859 3103 Cum
1878 3076 1975 3105 vero

1156 3119 1382 3162 Gothanus
1412 3128 1452 3160 et
1480 3118 1623 3176 primae
1650 3118 1847 3161 editiones
1874 3134 1975 3162 con-

1155 3175 1344 3228 sentiant,
1366 3187 1405 3219 et
1431 3186 1625 3234 praeterea
1647 3177 1866 3219 videantur
1884 3177 1973 3221 haec

1158 3237 1303 3278 Severo
1340 3234 1532 3278 Cornelio
1565 3234 1795 3284 convenire,
1819 3236 1890 3291 (ut
1921 3237 1974 3280 de

1156 3308 1243 3349 quo
1273 3293 1397 3334 modo
1428 3293 1595 3342 dixerit,
1621 3306 1714 3334 eum
1746 3292 1808 3333 ad
1834 3307 1974 3336 exem-

1149 3351 1252 3408 plar
1261 3350 1390 3408 primi
1407 3348 1503 3393 libri
1527 3349 1672 3392 bellum
1698 3349 1875 3394 Siculum
1894 3366 1972 3395 non

1149 3408 1403 3467 perscripfiffl
1414 3410 1433 3463 )

1493 3408 1627 3451 nescio
1674 3423 1726 3450 an
1774 3424 1878 3466 opus
1926 3409 1973 3453 fit

1158 3482 1355 3526 quaerere,
1377 3466 1489 3526 quod
1510 3464 1614 3510 forte
1631 3467 1834 3526 nusquam
1853 3467 1924 3512 est.
1962 3503 1964 3505 .
