2320 4030
366 315 459 364 183

738 309 1089 361 M.FAB11
1133 303 1725 363 QUINCTILIANI‘

362 450 471 504 rior
499 437 704 514 Gallum
779 448 969 521 Satyra
991 447 1208 520 quidem
1234 456 1350 501 tota
1373 449 1542 502 nostra
1565 449 1657 514 est,
1676 448 1732 502 in
1757 449 2090 521 quavprimus‘

359 521 622 592 insignem
658 519 873 572 laudem
913 520 1132 591 adeptus
1181 521 1254 572 est
1292 519 1537 586 Lucilius,
1585 521 1681 592 qui
1721 521 1972 592 quosdam
2011 523 2090 576 ita·
2135 551 2140 555 ·

361 591 575 645 deditos
601 591 694 644 fibi
717 590 896 644 adhuc
915 600 934 622 ⁸
972 591 1135 644 habet
1159 599 1441 656 amatoreS,
1467 602 1529 643 ut
1563 609 1688 644 eum
1708 599 1829 643 'non
1855 592 2086 664 ejusdem

361 662 525 717 modo
548 663 720 733 operis
744 662 1072 727 auctoribuS,
1097 661 1185 714 sed
1221 662 1472 715 omnibus
1506 662 1678 734 poetis
1713 661 1955 734 praeferre
1978 682 2085 717 non

361 734 629 787 dubitent.

359 805 550 870 sentio,
591 803 685 874 qui

703 735 750 786 E
794 752 827 785 o
850 743 1112 804 quantum
1147 734 1213 785 ab
1248 721 1373 798 illis,
1399 742 1609 787 tantum
1635 734 1703 787 ab
1728 735 1956 788 Horatio
1977 735 2084 788 dis·
2107 743 2181 801 94
2237 763 2239 765 >

729 753 979 856 facilium
1009 802 1178 874 fluere
1221 803 1517 856 lutulentum
1533 804 1570 870 f,
1613 816 1688 870 et,
1733 807 1842 876 gfff
1874 806 2089 879 aliquid,

360 878 494 950 quod
523 874 690 928 tollere
718 874 878 946 pqffis,
904 885 1074 946 putat.
1148 876 1292 926 Nam
1329 885 1422 927 etg
1462 875 1691 928 eruditio
1732 876 1788 928 in
1830 895 1897 930 eo
1932 878 2088 944 mira,

362 958 420 1001 et
454 947 692 1010 libertam,
719 956 880 1017 atque
915 945 1043 998 inde
1073 946 1350 1008 acerbitaS,
1384 957 1440 999 et
1474 947 1687 1000 abunde
1721 947 1859 1001 salis,

1933 949 2087 1002 Mul-

360 1029 420 1071 to
438 1020 463 1053 ¹¹
489 1019 563 1070 est
586 1017 764 1078 tersior
786 1035 848 1069 ac
888 1034 1050 1087 purus
1085 1017 1258 1088 magis
1299 1018 1680 1083 Horatius‚·et1
1719 1019 1788 1071 ad
1825 1020 2089 1077 notandos

359 1088 644 1143 hominum
686 1106 861 1140 mores
909 1087 1228 1159 praecipuus·
1302 1088 1545 1141 Multum
1595 1099 1651 1141 et
1695 1108 1831 1142 verae
1877 1090 2085 1163 gloriae,

359 1158 606 1233 quamvis
632 1178 742 1213 uno
765 1159 924 1224 libro,
952 1159 1146 1229 Perstus
1170 1159 1383 1212 meruit.
1413 1168 1416 1172 '
1442 1161 1579 1212 Sunt
1602 1159 1730 1212 clari
1754 1160 2084 1234 hodiequek,
2109 1166 2177 1226 95

361 1243 418 1285 et
452 1232 546 1302 qui
581 1230 710 1283 olim
737 1230 1175 1283 nominabuntur.
1216 1241 1219 1245 ’
1249 1230 1499 1283 Alterum
1535 1230 1670 1284 illud
1705 1233 1776 1284 est
1794 1232 1828 1297 ¹,
1855 1233 2088 1305 etprius

356 1303 566 1375 Satyrae
602 1319 801 1374 genUS,⁴
821 1302 1013 1372 quodm
1050 1320 1159 1354 non
1194 1301 1302 1353 sola
1337 1303 1633 1355 carminum
1659 1303 1912 1358 varietate
1943 1305 2086 1358 mix-

359 1386 479 1427 tum
520 1372 761 1427 condidit
800 1372 1053 1427 Terentius
1083 1373 1259 1437 Varro,
1288 1374 1365 1425 vir
1402 1375 1764 1427 Romanorum
1804 1375 2086 1429 eruditissi-

358 1464 502 1499 mus.
578 1445 838 1498 Plurimos
865 1445 954 1496 hic
979 1444 1163 1509 libros,
1189 1455 1245 1499 et
1280 1443 1617 1510 doctiffimOS,
1645 1446 1960 1517 composuit,
1987 1466 2084 1519 pe-

359 1517 628 1571 ritiffimus
659 1516 863 1587 linguae
898 1515 1122 1582 Latinae,
1149 1525 1204 1567 et
1227 1515 1402 1586 omnis
1434 1516 1785 1598 antiquitatiS,
1812 1527 1868 1570 et
1905 1536 2085 1588 rerum

361 1589 691 1653 Graecarum,
718 1588 1136 1658 nostrarumque,
1159 1582 1279 1657 'plus
1304 1596 1483 1639 tamen
1510 1586 1739 1640 selentiae
1775 1588 2086 1658 collaturu83

359 1677 525 1730 quam
550 1657 889 1730 eloquentiae.

357 1742 446 1783 tus
471 1731 560 1795 est,
586 1741 648 1783 ut
673 1729 944 1801 proprium
970 1746 1104 1800 opus
1123 1749 1138 1794 ;
1179 1747 1211 1781 a

964 1658 1164 1710 Iambus
1199 1676 1306 1710 non
1343 1658 1461 1712 sane
1493 1677 1525 1710 a
1561 1657 1813 1713 Romanis
1844 1660 2080 1716 celebra·
2106 1656 2178 1727 96

1234 1729 1548 1853 quibusdam
1576 1730 1944 1803 interpositus:
1966 1751 2082 1787 -cu-

344 1800 440 1872 jus
477 1800 738 1854 acerbitas
777 1801 832 1852 in
880 1800 1078 1853 Catullo
1100 1809 1141 1865 ¹¹,
1170 1801 1240 1854 Bi
1274 1801 1434 1866 aculv,
1467 1799 1719 1855 Horatio:
1759 1822 2085 1878 quamquam

354 1872 439 1926 illi
480 1872 680 1944 epodos
721 1872 1037 1925 intervenire
1077 1880 1229 1925 non0

409 2049 431 2071 e
459 2055 527 2080 om.
545 2042 653 2081 Jens.
791 2039 810 2066 f
833 2040 1049 2082 luculenter
1067 2041 1118 2081 id.

353 2096 480 2135 etiam
500 2097 567 2148 εἰμί
594 2097 645 2135 G.
678 2123 681 2125 Α

341 2153 466 2204 supra
485 2149 523 2193 6,
545 2162 584 2199 3,
604 2163 647 2200 3.
834 2148 855 2178 k
885 2150 1005 2188 hodie
1024 2163 1184 2201 quoque
1203 2151 1270 2189 iid.

358 2210 390 2229 ¹²²
422 2205 486 2243 sed
505 2203 572 2242 iid.
692 2210 712 2232 ¹¹
741 2203 886 2243 Catulo
903 2203 1017 2250 Jens„

355 2273 424 2298 om.
446 2258 601 2310 Regium
608 2255 731 2310 secuti
740 2254 938 2312 plerique.⁴

419 2413 443 2450 9
453 2410 494 2449 5.
523 2395 593 2453 qui
609 2395 701 2438 olim
719 2394 1054 2449 nominabuntur]
1079 2394 1176 2438 Cla-

359 2453 398 2496 ri
420 2469 566 2509 nempe
580 2452 807 2511 postgenitis
824 2471 837 2495 .·
868 2461 1064 2510 quatenus
1079 2452 1177 2510 (heu

358 2511 476 2566 nefas
492 2513 530 2565 !)
547 2512 746 2554 Virtutem
758 2511 989 2553 incolumem
1009 2511 1177 2561 odimus,

359 2570 574 2611 Sublatam
586 2584 639 2612 ex
658 2569 777 2612 oculis
785 2569 1000 2626 quaerimus
1018 2569 1174 2612 invidi.

356 2629 509 2670 Horat.
533 2628 618 2670 Od.
646 2643 685 2682 3,
707 2642 780 2680 24,
806 2642 873 2681 30.
913 2627 1033 2670 Add.
1057 2627 1179 2686 supra

358 2701 399 2740 3,
426 2701 466 2734 1,
489 2701 561 2728 21.

417 2761 440 2798 9
451 2760 490 2797 5.
523 2743 708 2786 Alterum
726 2742 854 2796 illud]
882 2743 993 2786 Puto
1012 2744 1176 2788 retineri

354 2802 460 2859 posse
490 2811 664 2844 veterem
699 2801 928 2851 lamonem,
949 2817 1046 2858 quae
1078 2816 1176 2845 con-

347 2855 521 2914 jeaur‘ae
540 2860 667 2916 Regii
695 2860 831 2902 adhuc
860 2858 999 2902 cedere
1028 2861 1068 2902 in
1090 2860 1176 2917 ple..

353 2919 506 2975 risque,
527 2918 825 2961 recentioribus
845 2916 1083 2974 praesertim,
1105 2933 1175 2961 co-

355 2977 448 3018 ac‘ia
466 2976 536 3026 est,
558 2977 601 3018 h.
623 2991 682 3018 m.
715 2976 898 3018 Alterum
917 2974 1032 3025 illud,
1051 2975 1175 3020 etiam

346 3033 467 3091 prius
499 3035 543 3077 h.
576 3049 612 3077 e.
649 3034 906 3092 praestantius
918 3035 1078 3092 sagyrae
1099 3050 1174 3091 ge-

355 3107 447 3143 nus,
463 3093 547 3151 fid
575 3107 651 3135 non
670 3092 764 3150 sola
782 3090 1010 3134 carminum
1029 3091 1175 3137 lascive

351 3151 434 3194 huc
484 3150 583 3193 illuc
630 3149 901 3194 desiliendum
958 3149 1176 3194 varietate

351 3209 544 3258 mixtum,
579 3222 724 3252 verum
760 3210 886 3251 etiam
927 3207 1044 3265 prosa
1083 3219 1173 3253 turn

351 3267 507 3310 Latina
533 3275 624 3309 tum
651 3267 805 3310 Graeca
833 3265 1065 3323 interpofita
1092 3268 1174 3311 dis-

351 3325 542 3369 tinctum
579 3324 752 3368 condidit
799 3324 910 3383 apud
958 3323 1171 3370 Romanos

351 3385 486 3426 Varro
519 3383 601 3426 διο.
665 3384 732 3425 Ita
762 3383 854 3427 sane
887 3381 1030 3425 malim
1068 3383 1173 3428 illud

343 3440 464 3497 prius
489 3442 634 3497 (modo
659 3441 807 3485 sanum
829 3441 893 3490 fit,
927 3450 968 3482 et
1002 3454 1083 3484 non
1122 3459 1182 3486 ex-

351 3511 594 3567 compendio
612 3513 728 3554 vocis
744 3511 933 3570 pqsterius
946 3500 1086 3569 Wius
1104 3529 1169 3555 or-

352 3570 467 3625 tum)
487 3570 760 3628 interpretari,
780 3585 908 3629 quam
936 3585 1033 3616 cum
1059 3571 1169 3621 surn-

1267 1873 1570 1947 reperiatur.
1643 1873 1723 1926 At
1765 1875 2086 1951 Lyricorum

1256 2046 1275 2072 ἒ
1306 2056 1375 2082 om.
1396 2043 1448 2082 G.
1465 2044 1571 2084 Jens.
1725 2043 1746 2075 ἢ
1775 2045 1957 2086 Multum
1975 2049 2082 2089 Jens.

793 2093 819 2124 ³¹
836 2104 876 2135 et
895 2095 968 2134 nifi
987 2095 1099 2135 labor
1116 2095 1202 2144 ejus
1220 2107 1355 2136 arnore
1375 2110 1492 2149 praec.
1514 2099 1566 2138 G.
1583 2099 1688 2138 Jens.
1719 2101 1841 2151 Lugd.
1863 2101 1965 2154 Lipfi
1984 2104 2082 2155 corf.

1473 2152 1481 2181 ¹
1510 2154 1633 2192 etiam
1651 2165 1708 2204 pr.
1729 2154 1782 2193 G.
1799 2155 1905 2194 Jens.
1924 2163 1960 2194 et
1984 2157 2082 2210 Lipfi

1137 2209 1156 2230 ⁰
1185 2204 1251 2243 Sic
1271 2205 1320 2245 G.
1339 2205 1445 2246 Jens.
1467 2206 1570 2260 Lips.
1591 2216 1627 2246 et
1637 2208 1742 2260 plur.
1763 2217 1825 2260 ap.
1845 2210 1978 2250 Bam.
1997 2223 2085 2265 nou

1259 2410 1330 2439 mo
1362 2397 1453 2440 viro
1485 2396 1615 2442 Isaac.
1652 2398 1897 2444 Casaubono
1923 2400 1974 2443 de
2006 2401 2081 2444 Sa-

1259 2456 1341 2496 tira
1370 2456 1499 2498 Rom.
1539 2472 1583 2507 2,
1619 2472 1662 2507 2,
1695 2473 1739 2515 p.
1780 2462 1880 2514 196,
1925 2461 2082 2502 Varro-

1259 2513 1428 2556 nianum
1467 2529 1598 2572 genus
1635 2516 1754 2572 prius
1789 2531 1934 2560 vocare
1969 2519 2078 2570 ideo,

1260 2572 1372 2627 quod
1421 2574 1605 2616 Ennium
1657 2575 1866 2619 auctorem
1910 2576 2079 2628 habeat,

1260 2630 1427 2672 Lucilio
1455 2632 1664 2685 majorem.
1719 2633 1861 2678 Nimis
1885 2635 1994 2677 enim
2012 2635 2079 2679 di-

1258 2687 1360 2731 serte
1398 2689 1674 2733 contradicere
1711 2690 1800 2734 haec
1836 2692 2079 2751 interpreta-

1259 2747 1321 2788 tio
1353 2747 1519 2790 videtur
1550 2748 1634 2798 his,
1673 2764 1769 2806 quae
1802 2749 1834 2792 s.
1868 2767 1922 2806 93
1971 2751 2086 2810 dicit,

1258 2805 1434 2848 Fabius.
1484 2807 1694 2849 Caeterum
1718 2807 1771 2850 de
1791 2808 1863 2851 illa
1880 2811 2079 2854 varietate

1260 2864 1415 2920 Satyrae
1429 2865 1696 2908 Varronianae
1714 2867 1868 2924 optime
1878 2867 2008 2911 discas
2026 2883 2079 2912 ex
2126 2879 2127 2882 ’

1258 2919 1516 2979 fragmentis,
1539 2938 1634 2980 quae
1663 2924 1706 2966 in
1734 2925 1854 2968 bonis
1881 2925 2079 2971 editioni-

1258 2980 1338 3022 bus
1357 2979 1527 3023 collefta
1545 2981 1714 3025 exstant.

1317 3054 1389 3107 96.
1411 3060 1457 3095 ut
1468 3053 1679 3110 proprium
1697 3056 1812 3111 opus]
1842 3056 1904 3099 Ut
1921 3056 2075 3116 aliquis

1256 3117 1391 3152 totum
1430 3110 1586 3155 librum
1618 3113 1851 3156 iamborum
1883 3115 2071 3159 dederit·=

1256 3181 1497 3226 quanquam
1547 3170 1709 3215 iambos
1753 3172 1912 3216 dederit
1962 3174 2074 3218 haud

1255 3239 1379 3268 unus.

1301 3287 1414 3339 -96.-
1440 3286 1579 3342 epodos
1609 3285 1867 3332 intervenire
1896 3304 1976 3334 non
2005 3305 2076 3334 re-

1247 3342 1462 3398 periatur]
1504 3345 1645 3387 Locus
1677 3359 1759 3388 non
1790 3346 1898 3391 satis'
1917 3348 2072 3393 clarus·

1254 3400 1397 3443 Primo
1428 3404 1593 3460 negatio
1622 3403 1663 3445 in
1697 3405 1868 3463 optimis
1900 3408 2074 3464 quibus-

1254 3473 1337 3515 que
1374 3459 1490 3502 iibris'
1528 3459 1687 3519 reperta
1734 3477 1815 3505 non
1853 3465 2075 3509 videbatur

1251 3517 1513 3575 negligenda.
1555 3520 1717 3562 Deinde
1734 3521 1836 3578 quid
1853 3524 1991 3579 epodos
2009 3522 2073 3574 fit,

1252 3575 1386 3619 nescio
1419 3591 1470 3620 an
1502 3576 1599 3621 satis
1629 3578 1676 3622 fit
1696 3581 1950 3638 expeditum.
1993 3581 2074 3625 Ab
