2320 4030
150 3506 174 3529 4

645 279 927 330 1Ns‘r1‘r.
961 277 1298 329 ORATOR.
1333 277 1469 329 Lm.
1503 281 1567 328 x.
1603 292 1652 343 7·
1918 294 2014 328 απ

283 416 593 471 continetur
613 415 734 470 haee
756 416 1005 483 facultas,
1032 435 1194 487 quam
1225 424 1457 486 paratur.
1531 415 1638 470 Ars
1673 414 1816 466 enirn
1853 413 2016 469 semel

283 500 550 561 percepta,
576 506 683 539 non
708 487 905 540 labitur
921 501 953 554 †
972 509 1000 544 ι
1030 488 1174 540 stilus
1197 503 1414 557 quoque
1438 484 1813 537 intermistione
1839 486 2019 555 paullo

281 559 575 614 admodum
603 558 670 611 de
706 559 976 611 celeritate
999 557 1239 629 deperdit
1262 577 1275 608 ε
1315 567 1584 627 promtum
1613 555 1737 621 hoc,
1764 568 1820 608 et
1845 557 1897 608 in
1925 576 2019 610 ex-

285 631 472 702 pedito
512 630 756 700 positum,
802 630 1180 682 exercitatione
1222 627 1330 680 sola
1369 626 1693 679 continetur.
1770 629 1888 680 Hac
1939 628 2023 683 uti

287 702 356 754 fic
389 701 653 772 optimum
693 702 781 766 est,
811 710 871 752 ut
908 699 1154 772 quotidie
1190 698 1430 751 dicamus
1466 697 1807 750 audientibus
1849 698 2019 770 pluri-

286 773 409 836 buS,
436 771 670 824 maxime
694 771 762 822 de
784 789 1010 842 quorum
1037 770 1196 822 fimus
1215 772 1225 802 ¹
1242 768 1451 840 judicio
1478 787 1542 820 ac
1565 768 1819 838 opinione
1838 783 1868 803 ¹¹¹
1894 768 2018 820 soli-

289 843 384 896 citi
411 864 423 895 :
464 861 641 895 rarum
668 845 739 894 est
777 842 942 907 enim,
969 854 1032 894 ut
1055 841 1176 894 satis
1201 839 1252 892 se
1278 839 1555 911 quisquam
1584 851 1840 892 vereatur.
1875 882 1879 887 ,
1915 840 2021 891 Vel

282 913 383 979 3soli
404 923 425 946 ¹¹
449 925 628 966 tamen
656 912 896 966 dicamus
923 913 1118 984 potina,
1145 930 1308 985 quam
1326 915 1346 935 ⁰
1373 930 1478 963 non
1507 911 1730 962 omnino
1759 910 2021 964 dicamUS.

207 990 273 1054 25
290 986 378 1038 Est
402 985 528 1037 illav
553 983 860 1036 exercitatio
884 1003 950 1037 co
992 984 1182 1048 itandi,
1208 981 1452 1052 totasque
1477 982 1723 1034 materias
1750 981 1833 1034 vel
1864 981 2019 1033 filen-

290 1056 370 1110 tio
400 1055 551 1124 (dum
579 1067 756 1108 tamen
783 1055 925 1126 quafi
950 1003 1102 1108 {icat
1137 1055 1276 1106 intra
1296 1064 1318 1096 ‘³
1355 1053 1407 1105 se
1432 1053 1621 1124 ipsum)
1653 1052 2019 1124 persequendi,

292 1147 414 1199 quae
441 1126 588 1179 nullo
614 1144 718 1178 non
755 1136 811 1179 et
832 1137 848 1159 ¹
889 1137 1129 1195 tempore
1163 1136 1218 1178 et
1239 1124 1440 1189 8’1’()<;ο,
1468 1123 1683 1194 quando
1726 1142 1833 1176 non
1875 1123 2023 1178 aliud

293 1199 525 1270 agimuS,
569 1197 819 1268 explicari
861 1199 1064 1268 potest:
1120 1209 1175 1249 et
1219 1196 1291 1248 est
1333 1194 1389 1246 in
1426 1206 1572 1265 parte
1615 1194 1817 1260 utilior,
1860 1213 2024 1266 quam

211 1271 279 1326 26
296 1271 412 1323 haec
443 1269 705 1341 proxima.
779 1267 1110 1340 Diligentius
1145 1267 1289 1320 enim
1328 1266 1684 1337 componitur,
1710 1283 1872 1337 quam
1911 1266 2023 1331 illa,

294 1341 350 1393 in
375 1359 484 1413 qua
507 1350 818 1393 contextum
845 1338 1059 1392 dicendi
1082 1336 1436 1391 intermittere
1451 1342 1466 1371 ²
1489 1355 1751 1390 veremur.
1829 1336 2026 1390 Rursus

286 1411 426 1470 nillau
465 1411 608 1482 prior
643 1411 764 1482 plus
803 1409 1027 1477 confert,
1054 1410 1203 1463 vocis
1243 1408 1570 1473 firmitatem,
1610 1407 1755 1460 '‘oris
1797 1406 2026 1460 facilita-

297 1493 430 1548 tem,
459 1492 669 1534 motum
707 1483 960 1553 corporis,
987 1481 1081 1553 qui
1117 1491 1173 1534 et
1207 1479 1333 1551 ipse,
1359 1490 1423 1532 ut
1458 1479 1591 1544 dixi,
1615 1478 1814 1532 excitat
1849 1490 2027 1532 orato-

299 1572 434 1620 rem,
462 1564 518 1606 et
541 1553 833 1625 jactatione
851 1563 875 1586 2
899 1571 1107 1619 manuS,
1131 1551 1282 1625 pedis
1306 1551 1650 1622 supplosione,
1681 1567 1872 1603 Slcu'r
1899 1568 2031 1604 cau·

298 1624 370 1678 da
411 1626 594 1679 leones
634 1623 807 1677 facere
855 1623 1127 1689 dicuntur,
1172 1622 1435 1676 hortatur.
1512 1620 1853 1675 Studendum
1903 1640 2031 1675 vero

217 1709 283 1767 27
299 1695 519 1768 semper,
545 1706 602 1748 et
631 1695 851 1767 ubique.
925 1697 1120 1766 Neque
1157 1695 1303 1747 enim
1338 1692 1450 1746 fere
1483 1702 1592 1746 tam
1631 1693 1704 1745 est
1740 1690 1881 1746 ullus
1912 1693 2030 1746 dies

284 1779 611 1840 occupatu&
635 1777 701 1831 ut
732 1767 868 1820 nihil
907 1767 1044 1821 lucri
1063 1778 1101 1832 ²,
1132 1765 1224 1819 vel
1262 1776 1325 1818 ut
1343 1787 1345 1789 ·
1363 1764 1554 1819 Cicero
1589 1765 1816 1817 Brutum
1855 1764 2031 1818 facere

284 1951 287 1954 ⁴
358 1929 392 1974 †
418 1924 576 1976 capitur
606 1923 679 1963 iid.
705 1931 742 1961 et
767 1921 874 1975 plur.
898 1899 968 1973 pap.
987 1922 1120 1962 Burm.
1147 1921 1298 1960 labitur
1314 1921 1402 1972 jam
1430 1919 1519 1973 Ast.
1557 1932 1572 1959 x
1581 1928 1673 1972 519.
1692 1919 1739 1971 f.
1766 1919 1889 1971 Lugd.
1913 1922 2034 1971 1538.
2083 1937 2088 1939 >

306 1981 399 2020 avo.
420 1977 502 2018 &a
585 1978 595 2010 ἔ
627 1979 764 2016 sumus
783 1976 849 2015 iid.
933 1985 963 2006 m
986 1976 1154 2027 optione
1173 1975 1225 2014 G.
1313 1981 1332 1999 ¹¹
1365 1974 1478 2013 solita
1495 1974 1646 2018 dimo.
1665 1973 1770 2013 Jens.
1857 1981 1874 1999 ⁰
1904 1987 2032 2024 quam

306 2035 446 2072 animo
463 2033 542 2072 dic.
562 2033 614 2071 G.
646 2031 732 2071 Vid.
753 2031 824 2082 leg.
845 2031 1015 2069 omnino
1040 2037 1124 2069 non
1143 2030 1224 2068 dic.
1332 2033 1352 2061 Ρ
1378 2028 1456 2068 alia
1475 2029 1526 2067 G.
1546 2029 1654 2066 Jens.
1762 2036 1781 2064 (ι
1812 2035 1952 2068 contra
1969 2030 2034 2080 ip-

307 2087 397 2126 sum
415 2087 520 2126 Jens.
641 2093 658 2115 ¹·
687 2099 737 2124 ex
756 2086 807 2124 G.
827 2085 884 2123 est
900 2084 1005 2123 Jens.
1025 2114 1030 2117 .
1052 2119 1059 2124 ς
1131 2091 1144 2111 ³
1174 2094 1230 2131 re,
1248 2083 1356 2122 Jens.
1481 2088 1490 2110 1
1521 2082 1733 2120 intromitt.
1754 2081 1807 2120 G.
1935 2089 1959 2112 1¹
1987 2084 2031 2123 in

308 2141 389 2180 alia
406 2142 457 2180 G.
475 2141 582 2180 Jens.
735 2145 754 2165 x
787 2139 987 2183 firmitate,
1007 2138 1085 2188 oris
1101 2137 1306 2180 facilitate,
1326 2144 1442 2176 motu
1462 2135 1529 2174 iid.
1576 2136 1724 2186 Quidfi
1740 2132 1937 2186 firmitati,
1956 2138 2035 2176 oris

307 2195 506 2242 facilitati,
527 2203 641 2234 motu
660 2193 687 2232 i.
708 2207 739 2231 e.
761 2192 924 2232 motui?
1061 2199 1084 2222 Ζ
1104 2189 1718 2242 jaetationem-supplofionem
1739 2190 1792 2229 G.
1925 2203 1944 2223 a
1974 2190 2038 2232 lu..

288 2251 293 2254 ”
312 2250 460 2289 crative
476 2258 523 2288 ut
542 2250 593 2289 G.
610 2248 719 2288 Jens.

372 2399 445 2437 24.
466 2385 548 2428 Ars
559 2382 898 2437 enim-labitur]
917 2383 1028 2427 Tria
1038 2380 1132 2427 'stmt

313 2441 357 2485 in
376 2454 551 2494 oratore,
571 2457 750 2499 quorum
780 2443 848 2484 hic
877 2443 937 2483 ita
957 2443 1132 2485 mentio-

313 2514 406 2543 nem
426 2500 528 2544 facit
547 2502 722 2551 Fabius,
741 2511 787 2542 ut
814 2500 987 2542 alterum
1007 2499 1134 2542 altero

308 2557 482 2603 facilius
500 2559 563 2602 vel
583 2560 746 2602 retineri
766 2558 829 2601 vel
857 2558 1041 2601 excidere
1057 2558 1134 2599 do-

316 2627 424 2660 ceat.
463 2619 503 2661 Ι.
525 2619 606 2660 Ars
625 2617 711 2675 ipsa
730 2616 760 2659 s.
782 2617 851 2659 via
869 2616 1048 2667 dicendi,
1068 2630 1136 2658 ra-

317 2675 431 2718 tione
473 2691 521 2719 ac
569 2676 786 2733 praeceptis
830 2674 1134 2732 comprehensa.

318 2735 422 2778 Haec
452 2733 479 2776 fi
511 2736 612 2776 bene
641 2733 759 2775 semel
788 2737 976 2791 pereepta
995 2730 1139 2782 fuerit,

318 2806 395 2835 non
410 2791 581 2842 labitur,
602 2802 674 2834 ant
692 2790 823 2834 effluit
844 2792 982 2833 animo
999 2808 1012 2843 3
1043 2789 1142 2832 huic

319 2849 378 2892 ita
409 2865 461 2893 ue
492 2850 596 2902 nihil
622 2859 741 2892 nocet
775 2848 1025 2891 intermiffio.
1071 2849 1139 2890 11.

322 2865 463 2959 Stilus,
483 2907 560 2951 five
588 2907 788 2951 scribendi
808 2905 1002 2949 facultas.
1055 2906 1141 2949 Hic

321 2965 404 3024 ipse
437 2981 603 3024 quoque
636 2980 718 3008 non
743 2965 939 3014 multum,
972 2964 1037 3007 sed
1065 2963 1142 3006 ali-

323 3024 425 3081 quid
466 3035 619 3074 tamen,
653 3025 811 3067 amittit
847 3023 899 3066 de
938 3021 1144 3065 celeritate

323 3082 410 3134 sua,
436 3082 463 3125 fi
493 3082 738 3124 intermissus
766 3081 1022 3140 aliquamdiu
1053 3077 1144 3122 sue-

324 3142 397 3183 rit.
435 3141 522 3183 111.
547 3141 621 3182 Sed
643 3139 992 3196 extemporalitas,
1007 3146 1145 3196 prom-

324 3207 410 3242 tum
425 3197 529 3241 illud
543 3207 583 3240 et
601 3198 643 3240 in
658 3197 840 3254 expedito
853 3196 1034 3253 positum,
1048 3210 1147 3239 mox

326 3257 450 3316 perit,
493 3256 565 3298 nifi
615 3265 810 3314 perpetua
857 3256 1144 3297 exercitatione

326 3316 597 3358 contineatur.
660 3314 860 3356 Ponunus
900 3322 1037 3356 autem
1072 3326 1144 3354 ve-

327 3387 415 3415 ram
442 3372 655 3416 lechonem
685 3373 757 3414 effe
782 3370 953 3414 labitur.
1001 3372 1043 3413 Si
1074 3385 1146 3412 ca-

322 3430 453 3487 pitur,
493 3431 604 3487 quod
643 3430 795 3471 habt-nt
836 3439 989 3480 veteres
1033 3428 1146 3478 libri,

327 3489 597 3532 revocandum
631 3488 754 3529 alicui
784 3489 989 3536 videatur,
1017 3487 1055 3530 is
1082 3487 1146 3528 in-

331 3547 542 3604 terpretari
572 3547 722 3605 poterit
747 3561 800 3588 ex
828 3560 875 3588 eo
894 3546 1008 3588 verbi
1029 3544 1148 3588 intel-

1214 2378 1340 2430 lena,
1384 2393 1470 2436 quo
1515 2385 1659 2435 captus
1703 2376 1839 2429 oculis,
1888 2387 2036 2431 mente,

1214 2436 1420 2488 membris,
1438 2438 1610 2486 dicitur,
1634 2436 1708 2494 qui
1741 2437 1862 2479 usum
1894 2451 2034 2481 eorum

1215 2495 1363 2539 amisit.
1411 2496 1486 2538 Sed
1505 2495 1713 2539 auctorem
1732 2495 1820 2549 ejus
1848 2493 2039 2541 formulae

1214 2555 1398 2612 requiro.

1277 2614 1350 2654 26.
1382 2618 1428 2653 ut
1456 2609 1568 2664 dixi]
1602 2612 1677 2654 An
1709 2611 1871 2669 respicit
1907 2611 1959 2654 ad
1995 2628 2039 2662 1,

1221 2686 1265 2722 2,
1290 2675 1379 2723 31?
1415 2671 1522 2728 Qae
1552 2669 1659 2711 enim
1692 2684 1764 2719 ιι,
1791 2684 1830 2721 3,
1853 2672 1926 2724 65,
1947 2670 2034 2727 sqq.

1220 2728 1426 2786 praecipit,
1454 2731 1505 2769 de
1536 2727 1603 2768 his
1634 2742 1715 2769 non
1748 2728 1845 2769 usus
1879 2728 2043 2772 videtur

1221 2785 1337 2830 fuiss‘e
1356 2786 1563 2843 praeterito
1580 2792 1781 2838 tempore,
1801 2784 1907 2828 dixi.

1223 2874 1227 2877 ⁴
1281 2847 1354 2886 26.
1385 2843 1522 2886 cauda
1538 2842 1687 2896 leones]
1711 2843 1822 2886 Plin.
1840 2845 1900 2886 H.
1917 2845 1975 2888 N.
1996 2850 2040 2895 8,

1227 2905 1277 2946 16
1284 2931 1298 2953 ,
1313 2902 1343 2944 s.
1364 2917 1433 2958 ¹9·
1464 2902 1639 2945 Leonum
1658 2897 1791 2943 animi
1803 2901 1928 2944 index
1942 2918 2042 2945 cau-

1221 2960 1506 3003 da—Immota
1526 2973 1620 3013 ergo
1637 2959 1840 3024 placidus,
1858 2959 2043 3011 clemens,

1223 3017 1521 3075 blandientique
1552 3016 1712 3072 finalis,
1747 3018 1854 3074 quod
1895 3033 2044 3061 rarum

1224 3077 1278 3143 ss
1291 3095 1304 3118 .-
1334 3076 1514 3118 crebrior
1531 3074 1636 3117 enim
1654 3075 1890 3118 iracundia.
1941 3077 2044 3134 Ejus

1225 3150 1269 3177 m
1289 3133 1504 3191 principio,
1522 3140 1638 3176 terra
1660 3132 1918 3176 verberatur
1933 3153 1947 3177 .-
1978 3135 2044 3177 in-

1227 3200 1423 3235 cremento
1451 3202 1587 3247 terga,
1605 3205 1676 3233 ceu
1703 3191 1876 3248 quodam
1893 3192 2044 3236 incita·

1225 3258 1372 3300 mento,
1379 3248 1666 3307 flagellantur.

1287 3314 1360 3361 27.
1390 3315 1437 3350 ut
1464 3307 1601 3350 Cicero
1618 3306 1815 3360 Brutum]
1847 3307 2045 3352 Nondum

1229 3368 1421 3411 inventus
1434 3365 1487 3407 est
1500 3364 1614 3408 locus
1628 3382 1640 3416 3
1655 3364 1751 3407 binc
1764 3373 1880 3407 tanto
1896 3365 2048 3410 diffici-

1229 3426 1313 3470 lius
1339 3425 1392 3467 de
1418 3437 1514 3466 vera
1541 3421 1713 3467 lectione
1736 3421 1922 3466 statuere.
1970 3425 2052 3468 Di.

1231 3483 1446 3540 ligentiam
1466 3481 1634 3537 quidem
1661 3478 1774 3523 illius
1795 3482 2054 3526 commendat

1234 3543 1277 3586 in
1310 3543 1431 3584 Orat.
1471 3553 1540 3581 ιο.
1587 3538 1694 3592 Jam
1724 3546 1921 3596 quantum
1954 3539 2058 3583 illud
