2320 4030
364 323 461 400 ,ῥο-
752 331 829 381 M.
864 320 1077 389 FABI‘I
1114 318 1709 378 QUINCTILIANI
1744 315 1753 362 ’-

317 512 319 515 ,
353 458 454 524 nec
479 485 512 522 0
550 457 749 552 ponere
767 466 1094 541 Thucydidi
1124 456 1661 548 salzffiupzyeream
1699 479 1802 546 nee
1826 450 2090 551 ‘'indigne-f

351 550 446 593 tur
483 541 516 593 fi
557 559 576 592 1
618 539 931 592 Herodotus
973 556 1171 609 aequan
1211 537 1275 590 Τ.
1303 537 1532 601 szmm,
1572 549 1699 589 eum
1737 553 1795 587 m
1830 537 2091 590 narrando

350 611 503 665 mirae
530 610 905 684 jucunditatiS,
929 609 1298 680 clariffimique
1334 606 1598 672 candoriS,
1625 617 1748 659 tum
1778 605 1834 659 in
1869 607 2089 661 concio-

355 683 535 749 nibuS,
562 683 903 764 supra-quam
942 680 1172 733 enarrari
1207 680 1392 752 potest,
1420 678 1762 761 eloquentem
1787 698 1802 731 z
1842 677 1921 730 ita
1940 679 1962 712 ὓ
1980 704 1982 706 ’
2000 679 2088 732 di-

351 766 550 808 cuntur
584 771 784 818 omma,
822 771 948 806 cum
990 753 1168 817 rebUS,
1207 760 1325 804 tum
1364 750 1619 821 personis,
1643 749 2120 804 accommodatae
2174 759 2180 773 ’

350 825 442 879 fed
484 825 702 878 affefius
739 823 957 895 quidem
975 832 1014 889 ⁶,
1047 822 1315 894 praecipue
1351 839 1466 886 eOS,
1506 821 1600 892 qui
1640 821 1761 874 sunt
1798 820 2086 886 dulciores,

354 909 420 951 ut
466 896 758 969 parciffime
807 895 1002 960 dicam,
1054 912 1215 946 nemo
1262 892 1628 945 historicorum
1690 892 2090 946 commendavit

351 969 550 1040 magiS.
625 967 864 1037 Ideoque
889 965 1248 1018 immortalem
1272 963 1420 1016 illam
1449 963 1678 1016 Sallustii
1695 965 1716 996 ‘¹
1748 962 2086 1017 velocitatem

352 1040 564 1093 diversis
612 1038 902 1091 virtutibus
951 1037 1266 1089 consecutus
1313 1035 1406 1108 est,
1480 1035 1626 1088 Nam
1680 1034 1818 1087 mihi
1868 1035 2088 1109 egregie

351 1109 536 1164 dixisse
562 1109 769 1162 videtur
796 1108 1041 1163 Servilius
1065 1107 1330 1160 Nonianus
1342 1118 1384 1173 ⁶,
1408 1123 1559 1177 pares
1584 1124 1676 1159 eos
1703 1104 1897 1178 magiS,
1923 1110 2087 1179 quam

353 1181 545 1235 fimiles
568 1201 582 1234 e
618 1182 712 1252 qui
736 1190 792 1234 et
812 1179 918 1251 ipse
942 1199 972 1232 a
997 1179 1151 1232 nobis
1176 1177 1389 1232 auditus
1414 1178 1505 1243 est,
1530 1176 1659 1230 clari
1677 1176 1696 1209 f
1720 1177 1799 1230 vir
1824 1177 2026 1260 ingenii
2041 1189 2084 1245 8,

353 1252 720 1307 et.sententiis
762 1252 946 1304 creber
961 1253 1004 1318 ¹¹,
1044 1250 1132 1303 sed
1174 1250 1356 1303 minus
1394 1249 1610 1320 preffuS,
1654 1267 1821 1321 quam·
1858 1249 2096 1305 historiae'

352 1325 638 1379 auetoritas
689 1322 932 1396 postulat.
1005 1324 1208 1387 Quam,
1258 1321 1503 1393 paullum
1564 1330 1722 1372 aetate
1816 1321 2086 1376 raecedens

351 1415 475 1449 eum
505 1397 684 1468 Bcffcs
713 1395 975 1467 Azfidius,
1002 1394 1240 1466 egregie,
1269 1392 1454 1463 utique
1495 1391 1550 1444 in
1589 1391 1741 1444 libris
1818 1391 1906 1445 elli
1948 1393 2084 1446 Ger-

354 1467 573 1531 manici,
597 1467 854 1539 praestitit,
884 1483 1082 1538 genere
1116 1465 1229 1537 ipso
1265 1463 1555 1536 probabilis
1597 1464 1652 1515 in
1681 1462 1963 1528 omnibuS,
1997 1463 2089 1517 sed

353 1539 410 1592 in
437 1538 753 1612 quibusdam
784 1538 889 1592 suis
912 1538 945 1570 Γ
965 1535 1071 1610 ipse
1106 1536 1306 1591 viribus
1345 1535 1540 1589 minor.
1607 1535 1857 1607 Superest
1888 1534 2090 1604 adhuc,

409 1735 429 1761 ⁸
462 1737 603 1786 Itaque
620 1735 727 1775 Jens.

354 1790 517 1832 mianus
537 1791 589 1829 G.
616 1791 828 1830 Novianus
844 1789 951 1828 Jens.

355 1845 376 1871 Β
408 1846 579 1885 crebrior
595 1844 665 1885 iid.
771 1842 782 1869 ¹
814 1843 891 1883 suis
910 1843 991 1894 ipse
1009 1857 1080 1883 om.
1100 1843 1169 1884 iid.

358 2007 433 2064 qui
467 2019 513 2059 4,
553 2020 624 2060 14,
659 2021 704 2067 5,
737 2003 988 2048 Catullianis
1024 2003 1108 2047 illis
1144 2004 1183 2046 se

355 2071 512 2116 tuetur,
933 2116 935 2118 K

361 2126 364 2128 ’
415 2123 527 2168 Nam
555 2122 707 2182 castum
729 2121 799 2180 effi’
816 2122 927 2164 decet
947 2121 1064 2179 pium
1084 2127 1181 2178 poe-

362 2202 369 2207 ”
474 2190 564 2223 tam
690 2211 692 2214 -

416 2239 574 2298 Ipsum,
583 2238 799 2294 versiculos
816 2237 922 2281 nihil
933 2235 1075 2294 neceffi
1091 2237 1160 2296 est.

356 2301 424 2348 De
459 2299 598 2341 Plinio
631 2309 673 2346 et
705 2297 956 2355 pauciffimis
990 2296 1112 2348 forte,
1134 2305 1183 2338 ut

355 2351 550 2407 voluerit,
583 2355 753 2413 aliquis·
781 2353 1001 2412 'Impuros
1041 2366 1182 2412 poetas

357 2415 569 2474 plerosque
603 2424 710 2457 certe
735 2415 832 2472 suos
856 2412 1000 2468 fater-i
1037 2427 1183 2464 mores,

357 2477 516 2518 eertum
537 2473 606 2516 est.
643 2473 735 2516 <Sed
762 2474 838 2515 hac
864 2472 916 2514 de
935 2486 978 2515 re
997 2471 1048 2514 ad
1067 2471 1179 2514 Plin.

358 2548 404 2587 42
427 2548 498 2584 27,
518 2546 564 2584 4·

396 2615 398 2618 >
420 2605 518 2643 103.
552 2589 734 2647 Superest
752 2588 905 2642 adhuc]
931 2589 973 2631 Si
994 2587 1181 2632 Plinium

357 2649 570 2705 intelligit,
592 2649 707 2702 cujus
729 2647 845 2690 inum
877 2647 1091 2689 admonere
1109 2648 1182 2690 de-

357 2709 455 2750 buit
474 2707 678 2749 Aufidius
705 2704 918 2756 Baffi1s,·a
937 2706 1056 2760 quus
1075 2705 1180 2761 fine,

357 2766 404 2809 h.
427 2781 466 2821 e.
487 2767 563 2807 ubi
593 2765 660 2807 ille
688 2764 819 2814 desiit,
841 2763 1101 2807 historiarum
1129 2763 1181 2807 li-

356 2821 456 2867 bros
489 2837 621 2866 unum
649 2831 689 2863 et
721 2823 894 2879 triginta
925 2822 1056 2874 dedit,
1087 2822 1183 2865 teste

332 2880 485 2941 ‘ipsius
506 2881 594 2924 filio
624 2880 821 2938 adoptivo
850 2880 966 2938 epist.
994 2895 1033 2935 3,
1059 2894 1099 2935 5,
1123 2883 1177 2923 6:

357 2941 469 2984 hunc
502 2941 634 2996 igitur
654 2938 680 2981 fi
709 2938 923 2996 intelligit,
947 2939 1035 2993 jam
1055 2938 1182 2997 scrip-

359 2999 438 3042 fiffe
485 2997 561 3054 ista
598 3006 758 3055 oportet
806 3006 900 3039 ante
947 2997 1182 3040 Domitiani

357 3057 596 3116 imperium,
636 3056 755 3111 (cum
777 3061 779 3063 ’
803 3055 915 3097 Tito
942 3055 1184 3112 >imperante

357 3116 429 3159 ille
464 3115 660 3174 perierit)
683 3123 723 3154 et
747 3114 824 3155 hoc
846 3125 983 3155 rerum
1003 3115 1184 3170 potiente

358 3175 484 3217 modo
503 3171 726 3215 retraetaffe
745 3182 870 3229 atque
890 3171 1068 3214 edidiffe.
1101 3171 1183 3214 Po-

357 3232 433 3275 test
463 3232 587 3274 etiam
617 3229 720 3280 fieri,
740 3240 788 3272 ut
811 3244 837 3271 a
867 3229 1048 3279 nomine,
1070 3229 1183 3286 quod

358 3290 605 3333 Domitiano
633 3288 737 3330 forte
767 3287 947 3343 invisum
979 3287 1086 3337 effet,
1109 3289 1183 3329 ab-

358 3349 543 3392 stinuerit
573 3347 720 3389 lubens
751 3347 795 3388 in
824 3346 908 3403 ipsa
929 3357 1094 3402 quoque
1118 3360 1182 3388 re-

356 3407 618 3455 manatione,
643 3404 706 3447 vel
737 3404 1037 3448 emendatione.
1088 3404 1182 3446 Ta-

358 3466 470 3507 citus
529 3464 714 3520 quidem,
763 3463 1001 3505 observante
1054 3462 1182 3504 etiam

359 3522 498 3579 Lipsio
533 3523 586 3563 ad·
611 3522 719 3564 hunc
756 3520 877 3563 Fabii
909 3520 1047 3563 locum
1076 3520 1183 3562 inter

360 3581 588 3624 testimonia
606 3580 657 3623 de
676 3579 750 3623 illo
767 3579 959 3631 relatum,
975 3593 1071 3622 cum
1091 3579 1181 3621 Do-

837 1740 853 1760 0
887 1707 1051 1786 quidem
1072 1747 1130 1786 pr.
1147 1746 1217 1774 eos
1234 1748 1304 1772 om.
1325 1734 1377 1772 G.

1059 1787 1076 1814 f
1103 1788 1232 1830 elatus
1251 1789 1302 1828 G.
1323 1788 1453 1829 clarus
1468 1787 1574 1827 Jens.

1487 1732 1507 1762 ‘¹
1536 1733 1742 1774 Sallustius
1759 1733 1867 1774 Jen's.
1954 1738 1971 1758 ‘
2002 1733 2091 1776 No·

1686 1795 1707 1828 g
1726 1789 1890 1840 ingenio
1910 1788 1963 1829 G.
1980 1789 2089 1840 Jens-

2110 981 2183 1013 102

2110 1336 2181 1376 ²03

1264 2005 1464 2049 mitianus
1490 2021 1627 2050 rerum
1657 2005 1875 2064 potiretur,
1903 2006 2091 2058 nondum
2133 2052 2138 2056 ,
2175 2055 2178 2059 ,

1267 2063 1498 2122 quidquam
1518 2063 1717 2108 ediderat.
1760 2065 1970 2108 Pertinent
1983 2063 2091 2110 forte

1267 2123 1319 2165 ad
1349 2123 1534 2166 Plinium
1565 2125 1689 2166 etiam
1720 2137 1815 2180 quae
1844 2123 2086 2182 sequuntur.

1267 2181 1407 2223 Habet
1432 2190 1638 2224 amatores
1666 2181 1974 2240 laudatoresque
2007 2182 2089 2225 his·-

1267 2240 1469 2282 toriarum
1498 2241 1678 2290 suarum,
1698 2254 1770 2282 nec
1797 2248 1932 2282 tamen
1950 2240 2090 2283 imita-

1264 2306 1399 2351 tores;
1430 2299 1544 2356 quod
1576 2298 1788 2341 difficilius
1820 2299 1890 2350 est,
1917 2298 2089 2351 scilicet,

1269 2357 1338 2412 (ut
1352 2352 1402 2399 de
1416 2357 1564 2399 Seneca
1579 2356 1610 2400 s.
1629 2373 1645 2399 1
1656 2357 1733 2412 26)
1749 2365 1793 2399 ut
1804 2355 1990 2408 libertas,
2003 2373 2090 2424 qua

1267 2415 1402 2457 utitur
1431 2415 1473 2457 in
1502 2415 1663 2474 scriptis
1694 2416 1792 2467 suis,
1812 2429 1940 2472 quam
1961 2425 2000 2458 et
2021 2432 2088 2474 lp-

1264 2472 1349 2514 sam
1383 2473 1550 2516 laudare
1588 2488 1716 2531 quam
1754 2487 1891 2516 amare
1921 2472 2089 2518 facilius

1266 2531 1320 2572 est
1338 2549 1348 2573 ε
1380 2546 1629 2591 quamquam
1653 2531 1887 2587 circumcisis
1905 2542 1945 2574 et
1964 2533 2088 2575 omis-

1264 2589 1314 2631 fis
1337 2591 1378 2633 in
1408 2593 1582 2649 repetita
1611 2588 1718 2633 forte
1743 2590 1840 2632 libri
1860 2590 2087 2648 praelee'tio-

1263 2661 1315 2690 ne
1343 2658 1470 2706 atque
1497 2649 1798 2700 retractatione,
1819 2662 1911 2705 quae
1933 2649 2091 2707 dixg'ffet

1265 2706 1308 2748 in
1347 2706 1424 2751 hoc
1464 2722 1609 2765 genere
1647 2705 1788 2765 paullo
1820 2707 2016 2765 asperius,
2051 2707 2090 2751 ei

1265 2763 1449 2809 libertati
1478 2766 1563 2824 ipse
1591 2764 1786 2816 nocuerit,
1808 2779 1982 2823 eamque
2011 2767 2089 2809 ob-

1265 2823 1503 2875 scuraverit,
1525 2834 1572 2867 ut
1587 2825 1672 2877 jam
1693 2838 1772 2865 non
1796 2823 1855 2866 ita
1873 2837 1897 2866 a
1956 2834 2087 2869 areat.

1266 2880 1444 2926 Solitum
1491 2881 1607 2926 fuisse
1654 2882 1842 2926 Plinium
1918 2882 1928 2924 i
1961 2893 2093 2928 ertate

1265 2954 1418 2998 magna
1447 2941 1491 2984 in
1517 2941 1729 2984 scribendo
1760 2941 1842 2990 uti,
1861 2954 1942 2985 non
1962 2942 2091 2984 modo

1265 2999 1368 3040 varii
1397 3000 1532 3057 operis
1553 2998 1800 3042 immortalis
1820 2998 1900 3041 loci
1919 2999 2089 3043 demon-

1264 3055 1391 3098 strant
1410 3075 1437 3109 3.
1454 3057 1519 3100 sed
1546 3057 1650 3100 illud
1668 3059 1812 3107 etiam,
1832 3057 1942 3113 quod
1966 3058 2090 3115 (auc-

1265 3121 1353 3157 tore
1381 3114 1468 3158 filio
1490 3116 1606 3174 epist.
1631 3130 1672 3168 3,
1698 3130 1738 3168 5,
1761 3115 1828 3169 6,)
1866 3117 2013 3171 potius.
2043 3129 2091 3159 a·

1265 3171 1351 3214 liud
1373 3173 1526 3232 scripsit
1546 3173 1713 3231 quidvis
1733 3187 1860 3229 quam
1880 3173 2091 3223 historiam

1251 3230 1334 3288 sub
1373 3230 1535 3275 Nerone
1570 3230 1788 3284 novzffimis
1824 3230 1960 3282 annis,
1998 3246 2090 3276 cum

1259 3293 1378 3337 *omne
1402 3289 1630 3348 studiorum
1657 3303 1787 3345 genus
1819 3289 1958 3344 paullo
1989 3288 2089 3333 lihe-

1264 3346 1356 3390 rius
1374 3355 1414 3389 et
1431 3347 1604 3391 eredius
1617 3346 1880 3406 periculqshm
1894 3347 2091 3406 ser-vitai

1251 3404 1425 3462 fic'tfflt.
1473 3407 1577 3450 Haec
1605 3407 1657 3448 de
1686 3405 1777 3448 loco
1805 3404 2091 3459 obscuriuscur

1266 3462 1334 3505 lo:
1384 3462 1412 3506 fi
1446 3465 1542 3520 quis
1571 3464 1719 3507 melius
1752 3463 1854 3519 quid
1889 3463 2090 3516 attulerit,

1266 3520 1387 3565 facile
1407 3536 1482 3566 nos
1503 3522 1546 3567 in
1567 3533 1702 3580 partes
1723 3520 1815 3565 suas
1835 3522 2040 3569 traducet.
