2320 4030
586 313 862 366 1NsT1T.
896 311 1231 365 ORATOR.
1265 315 1404 365 LIB.
1438 317 1529 366 1x.
1561 288 1613 380 4.
1793 281 1795 284 ”
1874 291 1929 379 1‘3
1937 306 1968 382 5'

241 458 324 504 rat
361 450 551 506 oratio,
627 454 844 507 Peffime
885 453 976 508 lon
1020 470 1085 519 ae,
1115 469 1238 536 quae
1275 450 1484 519 easdem
1526 450 1666 506 inter
1698 453 1750 506 fe
1785 444 1969 507 literas

147 533 226 591 34
242 523 610 591 committunt,
635 523 917 579 sonabunt.
1030 539 1290 594 raecipuus
1315 533 1494 576 tamen
1518 523 1619 576 erit
1654 522 1833 577 hiatus
1867 543 1960 578 ea-

240 612 383 659 rum,
409 613 529 666 quae
571 614 702 649 cavo
741 606 833 649 aut
867 595 1052 668 patulo
1083 594 1350 648 maxime¹¹
1384 612 1475 646 ore
1501 594 1810 648 efferuntur.
1885 595 1959 662 E,

237 664 484 735 plenior⁰
513 665 669 719 litera
690 668 779 732 est,
805 666 850 730 I,
877 666 1171 749 angustior:
1210 664 1441 737 ideoque
1475 665 1747 718 obscurius
1782 665 1838 718 in
1875 664 1962 720 his

237 735 450 791 vitium.
522 737 711 790 Minus
747 738 1008 809 peccabit,
1043 737 1135 811 qui
1176 735 1354 809 longis
1391 737 1578 789 breves
1614 735 1878 813 subjiciet,
1905 749 1961 792 et

236 806 434 874 adhuc,
477 807 570 878 qui
613 821 883 880 praeponet
927 808 1107 880 longae
1152 808 1390 863 brevem.
1463 805 1735 862 Minima?
1782 808 1854 862 est
1899 808 1958 862 in

235 876 445 931 duabus
469 880 719 933 brevibus
743 880 973 932 offensio,
1046 880 1232 950 Atque
1263 895 1386 932 cum
1423 877 1542 931 aliae
1561 887 1583 921 ‘1
1619 877 1806 951 subjun
1891 898 1956 932 n-

234 958 323 1001 tur
347 949 484 1015 aliis,
511 951 725 1020 perinde
743 964 760 986 r
793 951 1075 1022 asperiores
1100 959 1276 1015 erunt,
1302 961 1460 1022 prout
1483 949 1590 1004 oris
1613 949 1768 1004 hiatu
1803 897 1958 1006 ffriissi

143 1027 213 1085 35
236 1031 329 1073 aut
364 1020 568 1074 diverso
601 1022 1102 1093 pronuntiabuntur.
1174 1023 1304 1075 Non
1340 1031 1520 1074 tamen
1557 1019 1634 1088 id,
1658 1032 1720 1075 ut
1753 1021 1956 1077 crimen

235 1090 447 1163 ingenS,
497 1111 559 1145 ex
597 1094 944 1146 avescendum
991 1093 1082 1162 est,
1131 1102 1227 1146 ac·
1278 1091 1479 1146 nesciot
1524 1092 1857 1166 negligentia
1897 1092 1957 1147 in

234 1161 360 1228 hoc,
399 1181 466 1216 an
507 1111 786 1218 solicitudo
831 1164 892 1216 fit
931 1164 1097 1236 pejor.
1172 1161 1421 1216 Inhibeat
1459 1163 1602 1217 enim
1643 1163 1845 1219 necesse
1883 1164 1958 1218 est

234 1232 325 1288 hic
349 1246 524 1288 metus
547 1236 806 1307 impetum
834 1234 1066 1301 dicendi,
1092 1244 1148 1288 et
1169 1251 1202 1288 a
1224 1233 1521 1306 potioribus
1541 1245 1759 1290 avertat.
1799 1237 1955 1291 Qua·

233 1323 290 1358 re
315 1317 376 1358 ut
401 1306 746 1378 negligentiae
772 1325 888 1378 pars
915 1307 985 1359 est
1010 1306 1115 1359 hoc
1145 1306 1276 1377 pati,
1303 1305 1378 1358 ita
1400 1304 1718 1360 humilitatis
1753 1307 1957 1379 ubique

231 1376 643 1447 perhorrescere,
666 1378 960 1450 nimiosque
983 1396 1090 1432 non
1114 1375 1382 1430 immerito
1408 1377 1463 1431 in
1486 1377 1590 1431 hac
1615 1396 1741 1431 cura
1765 1378 1959 1449 puta'nt

233 1464 422 1501 omnes
462 1449 738 1502 Isocratem
777 1451 1004 1515 secutOS,
1037 1445 1340 1521 praecipueu
1375 1448 1806 1521 Theopompum.
1877 1451 1958 1503 At

232 1519 617 1574 Demosthenes
641 1533 695 1574 et
719 1520 912 1574 Cicero
936 1521 1150 1574 modice
1174 1519 1510 1592 respexerunt
1532 1520 1599 1574 ad
1619 1531 1644 1554 Χ
1667 1521 1807 1574 hanc
1831 1539 1954 1594 par-

141 1591 213 1662 36
233 1601 363 1645 tem.
435 1593 582 1645 Nam
624 1603 680 1645 et
717 1602 972 1646 coeuntes
1008 1591 1197 1657 literae,
1231 1610 1354 1664 quae
1398 1591 1651 1661 συναλοιφῆ
1695 1592 1891 1645 dicitur
1909 1602 1954 1659 ²,

231 1661 392 1715 etiam
419 1663 675 1716 leniorem
693 1675 713 1698 ²
737 1662 941 1717 faciunt
963 1663 1278 1730 orationem,
1304 1682 1466 1736 quam
1493 1662 1527 1715 fi
1553 1663 1771 1716 omniab
1795 1664 1958 1718 verba

230 1732 324 1787 suo
349 1733 452 1787 fine
479 1734 797 1802 eludantur3
838 1747 895 1788 et
919 1753 1320 1807 nonnumquam
1346 1733 1531 1787 hiulca
1553 1733 1712 1789 etiam
1739 1734 1955 1802 decent,

232 1803 543 1878 faciuntque
575 1807 834 1878 ampliora
868 1805 1112 1878 quaedam
1142 1827 1155 1859 ε
1209 1817 1291 1871 ut,
1330 1805 1552 1859 Pulchra
1589 1806 1805 1860 oratione
1840 1815 1956 1861 αέῖα

229 1877 461 1931 omninoc
483 1879 690 1949 jaffare
712 1900 729 1931 .-
783 1889 900 1931 tum
923 1880 948 1914 ἃ
984 1877 1166 1950 longae
1207 1894 1301 1949 per
1337 1877 1409 1942 se,
1448 1887 1504 1930 et
1537 1876 1686 1930 velut
1721 1878 1916 1951 opimae
1937 1887 1959 1911 ⁶

232 1948 444 2020 syllabae
467 1949 671 2022 aliquid
697 1949 858 2002 etiam
886 1949 1051 2002 medii
1071 1954 1086 1983 f
1115 1948 1374 2021 temporis
1399 1949 1536 2002 inter
1562 1948 1787 2015 vocaleS,
1813 1951 1958 2022 quafi

140 2034 210 2090 37
234 2019 571 2074 interfistatur
585 2031 625 2087 g,
669 2020 952 2073 assumunt.
1027 2020 1154 2074 Qua
1194 2020 1261 2073 de
1295 2038 1353 2074 re
1388 2030 1506 2073 utar
1543 2018 1819 2090 Ciceronis
1854 2039 1957 2093 po·-

236 2091 485 2145 tiflimum
512 2092 705 2159 verbis,
731 2093 921 2158 Habet,
949 2090 1142 2162 inquit,
1169 2091 1255 2144 ille
1280 2101 1532 2172 tamquam
1557 2092 1725 2144 hiatu's
1760 2102 1808 2145 et
1843 2113 1957 2146 con-

233 2165 401 2231 cursus
420 2163 671 2217 vocalium
697 2163 840 2216 molle
865 2163 1127 2236 quiddam,
1154 2172 1202 2215 et
1224 2165 1359 2236 quod
1380 2163 1558 2215 indicet
1581 2183 1675 2215 non
1700 2163 1959 2236 ingratam

231 2234 590 2307 negligentiam
615 2235 676 2287 de
697 2257 751 2288 re
786 2234 994 2287 hominis
1029 2234 1214 2306 magis,
1239 2254 1389 2307 quam
1421 2234 1481 2286 de
1503 2234 1688 2298 verbis,
1715 2234 1958 2288 laboran-

232 2307 318 2358 tis.
364 2306 618 2360 Ceterum
642 2305 984 2359 consonantes
1010 2324 1249 2377 quoque,
1276 2323 1462 2378 eaeque
1479 2305 1500 2337 ¹²
1525 2306 1807 2377 praecipue,
1833 2326 1959 2379 quae

230 2378 356 2432 sunt
397 2378 698 2450 asperiores,
729 2378 786 2431 in
831 2376 1165 2430 comniiffura
1203 2377 1487 2432 verborum
1527 2377 1786 2446 rixantur,
1824 2388 1880 2432 et
1921 2380 1962 2434 S

289 2537 309 2557 ⁸
341 2534 526 2573 maximo
544 2532 598 2574 id.
725 2539 745 2558 ⁰
776 2533 931 2585 planior
950 2534 1000 2574 G.
1018 2533 1123 2573 Jens.
1144 2541 1179 2571 et
1189 2532 1294 2585 plur.
1313 2542 1379 2587 ape
1395 2535 1491 2574 Bur.
1512 2533 1756 2589 quodproboc
1782 2534 1865 2583 vid·
1885 2545 1961 2578 not.

232 2593 254 2621 P
282 2587 424 2628 Nimia
438 2587 546 2629 Jeus.
680 2595 700 2627 q
729 2588 808 2628 alia
826 2587 878 2626 id.
1017 2594 1031 2612 ¹·
1063 2589 1228 2640 proinde
1246 2588 1298 2629 id.
1434 2598 1449 2620 ⁸
1479 2600 1519 2628 at
1540 2589 1592 2628 G.
1738 2593 1752 2618 t
1780 2601 1832 2636 an
1851 2590 1961 2631 Jens.

235 2647 254 2666 ¹¹
290 2643 567 2695 praecipueque
585 2641 639 2682 id.
771 2650 791 2671 x
822 2643 864 2680 in
885 2642 937 2680 G.
955 2641 1062 2681 Jens.
1197 2648 1215 2668 ²
1246 2643 1437 2683 dicuntur
1455 2653 1494 2683 et
1514 2643 1583 2694 ὶὶςξ.
1719 2649 1737 2671 ²
1759 2643 1960 2692 *leviorem

231 2696 338 2735 Jens.
449 2695 467 2721 b
499 2711 567 2734 om.
588 2696 639 2735 id.
764 2700 779 2721 ⁶
813 2697 939 2735 oratio
959 2697 1011 2735 G.
1133 2694 1150 2720 ἀ
1184 2704 1304 2737 tuum
1319 2697 1426 2747 Jens.
1549 2705 1568 2726 ο
1596 2697 1763 2749 optimae
1782 2698 1834 2737 G.
1852 2698 1959 2743 Jens.

234 2748 252 2775 s
282 2749 426 2791 mediis
443 2751 692 2802 temporibus
708 2748 777 2790 iid.
887 2756 904 2781 ⁸
936 2750 1132 2802 insistatur
1150 2750 1200 2790 G.
1312 2752 1331 2777 ¹¹
1363 2765 1432 2803 om,
1452 2751 1557 2801 Jens.
1576 2763 1715 2796 carum
1735 2751 1787 2795 G.

298 2898 369 2938 34.
400 2899 512 2928 cavo
544 2894 620 2928 aut
642 2885 784 2942 patulo
809 2886 899 2940 ore]
932 2886 1055 2929 Cava
1137 2895 1219 2937 cet,
1238 2885 1351 2943 quod
1371 2887 1410 2929 E
1430 2900 1529 2933 cum
1549 2886 1598 2930 A
1617 2895 1855 2944 comparata
1870 2886 1960 2944 ple.

235 2945 275 2985 Ο
296 2955 335 2986 et
357 2945 413 2994 V,
426 2943 569 2999 patulo
587 2945 652 2987 A.
705 2945 830 3004 Qud
850 2944 996 2987 deinde
1016 2945 1054 2987 E
1137 2943 1229 2988 nior
1246 2945 1350 2996 dici,
1366 2944 1394 2987 si
1413 2959 1532 2988 aures
1551 2946 1698 2995 habeo,
1712 2959 1792 2988 non
1813 2944 1958 3002 potest.

225 3001 387 3057 plenior
404 3001 524 3044 litera
542 3011 732 3052 vocatur,
754 3016 891 3045 vereor
918 3016 969 3044 ne
998 3001 1056 3043 se-
1162 3036 1166 3039 .
1202 3005 1273 3056 36.
1338 3016 1387 3045 uo
1404 3002 1767 3060 finelcludantur]
1808 3005 1850 3046 Si
1878 3019 1961 3047 vox

233 3061 375 3102 curius
394 3059 520 3117 Regii
540 3059 813 3112 conjecturam
834 3060 961 3102 secuti
982 3058 1058 3102 sint
1139 3060 1183 3102 in
1210 3074 1310 3103 voca
1327 3075 1392 3103 em
1418 3062 1556 3104 exiens
1582 3061 1815 3119 excipiatur
1839 3063 1892 3106 ab
1914 3077 1961 3107 a-

234 3118 313 3160 viri
334 3117 503 3161 eruditi.
558 3118 671 3160 Mihi
702 3117 911 3160 retinenda
940 3118 1056 3161 vide·
1138 3117 1212 3168 lia,
1233 3133 1329 3176 quae
1360 3128 1402 3162 et
1432 3119 1517 3177 ipsa
1543 3133 1569 3162 a
1596 3118 1731 3171 vocali
1755 3119 1957 3178 incipiat3

233 3184 304 3218 tur
322 3176 496 3233 antiqua
515 3175 652 3226 lefiiio,
672 3175 709 3219 E
732 3174 898 3232 planior
925 3176 978 3234 cst
1005 3174 1056 3225 li·
1139 3177 1251 3234 prior
1289 3175 1362 3219 ina
1399 3177 1606 3222 interdum
1650 3190 1733 3233 non
1771 3177 1843 3224 suo
1879 3178 1973 3229 fine,-

231 3240 343 3283 tera‚
365 3233 410 3276 h.
431 3249 469 3276 e.
506 3232 673 3276 facilius
698 3234 835 3282 media
862 3244 1055 3300 apertura
1137 3234 1365 3286 clauditur,
1386 3234 1452 3277 sed
1481 3236 1565 3278 coit
1594 3245 1635 3278 et
1653 3234 1842 3282 coalescit
1862 3251 1961 3284 cum

231 3292 316 3335 oris
336 3292 492 3342 exiens,
511 3305 585 3334 nec
606 3291 820 3348 pandendo
840 3291 900 3334 illi
919 3302 967 3334 ut
989 3293 1054 3341 A,
1138 3291 1353 3348 sequente:
1401 3292 1488 3336 haec
1522 3294 1633 3336 enim
1665 3291 1720 3334 est
1752 3298 1960 3349 συναλριφὴ,

230 3363 365 3406 neque
383 3348 661 3392 contrahendo
690 3359 737 3392 ut
767 3352 807 3392 O
826 3349 891 3393 vel
909 3351 949 3396 V
969 3350 1056 3398 vim
1138 3364 1233 3407 quae
1251 3365 1333 3393 vox
1354 3365 1378 3394 a
1406 3352 1633 3409 pigmentis
1662 3350 1769 3393 inter
1789 3348 1826 3391 se
1846 3351 1962 3405 com4

232 3407 347 3463 quasi
370 3405 574 3450 adferens.
625 3406 790 3460 Lenior,
808 3407 921 3464 quod
952 3406 1056 3450 Rol·
1138 3409 1283 3451 mixtis
1330 3418 1372 3451 et
1418 3409 1666 3452 coeuntibus
1715 3407 1865 3458 trasta,
1908 3408 1963 3450 ad

232 3463 317 3507 lino
336 3465 513 3523 placuit,
532 3479 614 3507 non
632 3464 888 3516 damnarem,
908 3465 934 3508 si
959 3465 1057 3508 libri
1138 3465 1243 3509 hanc
1262 3466 1525 3526 disciplinam
1541 3465 1754 3511 commode
1772 3465 1963 3511 transsata

233 3531 318 3564 tam
337 3522 500 3588 plenior
518 3522 732 3574 haberent,
781 3537 879 3573 uam
903 3523 1057 3572 habent
1138 3524 1209 3567 est.

225 3580 406 3636 plantor.
448 3579 612 3625 Plenior
639 3582 703 3625 vel
734 3582 750 3632 i
779 3595 827 3629 eo
858 3595 941 3637 non
967 3581 1055 3640 pla·
1203 3596 1274 3635 37.
1306 3582 1530 3638 Ciceronis]
1562 3585 1682 3626 Orat.
1705 3597 1745 3626 c.
1771 3597 1841 3637 23.

748 3670 749 3673 .
1159 3655 1200 3691 K
1227 3657 1265 3707 4
