2320 4030
323 303 422 350 140

312 420 585 495 longiores
625 418 761 482 fiunt
802 434 1169 503 perculiiones.

310 511 507 549 unum.
577 499 639 550 In
677 503 1057 574 compositione
1090 509 1343 565 orationis
1380 516 1592 582 certior,

310 563 470 619 nibus
495 581 678 638 aperta
698 571 884 627 servari
919 575 1082 632 debet
1115 580 1390 637 dimensio·

307 634 428 688 bus·
504 639 574 691 Et
611 644 820 696 metrici
859 647 1075 717 quidem
1115 652 1278 722 pedes
1311 655 1445 710 adeo

692 313 696 318 ¹
713 287 791 343 M.
813 295 1036 347 ἙΑΒῙῙ
1072 299 1659 360 QUINCTILIANI

1242 440 1390 495 Nam
1438 452 1624 514 σημεῖον
1665 457 1885 524 tempus
1924 458 1997 510 est
2019 466 2044 492 ⁶

1618 529 1674 572 et
1709 526 1883 596 magis
1914 544 2035 582 om-
2057 532 2134 590 52

1462 587 1552 640 Est
1587 589 1760 662 igitur
1790 596 1847 648 in
1883 600 2036 669 pedi-

1475 663 1809 731 reperiuntur
1832 667 1886 720 in
1912 688 2033 724 ora-

304 705 475 773 tione,
502 723 565 762 ut
586 710 643 764 ‚in
669 731 731 766 ea
754 714 1062 788 frequenter
1084 739 1191 776 non
1218 724 1567 783 sentientibus
1605 735 1761 788 nobis
1787 740 2033 797 omnium

301 794 565 846 generum
607 784 856 839 excidant
896 791 1110 855 versus;

301 848 575 921 scriptum,

354 1021 373 1041 ⁰
403 1020 473 1057 est.
501 1021 621 1060 Unde
640 1023 682 1061 in
701 1025 753 1064 G.

300 1072 351 1111 G.
369 1073 475 1112 Jens.
492 1077 599 1125 quod
620 1078 687 1131 itgs.
707 1079 760 1119 al.

296 1212 403 1275 &apd
418 1234 544 1275 σφισιν
560 1228 705 1280 ἅμερές,
722 1235 866 1282 σημεῖον
884 1236 1119 1290 witon-mycipsa:-

290 1292 373 1316 σαν.
411 1279 506 1333 Jam
528 1282 791 1340 intelligitur,
813 1303 909 1345 quae
929 1290 1003 1335 sint
1015 1301 1114 1349 per-

289 1333 478 1386 cufflones.
510 1338 672 1396 (pedes,
705 1347 842 1388 tacius
880 1346 1003 1392 hodie
1039 1367 1114 1394 vo-

289 1394 407 1449 cant)
429 1400 650 1449 τετράσημω
668 1410 743 1444 aut
764 1403 1017 1458 ωενταίσημοι,
1037 1418 1114 1451 aut

287 1448 472 1509 deinceps
495 1454 708 1512 longiores,
735 1459 864 1518 usque
892 1462 954 1503 ad‘
975 1480 1113 1507 mm-

285 1512 588 1563 καιευιοσίσημον,
607 1517 719 1571 quod
748 1518 809 1560 est
822 1520 932 1577 apud
953 1522 1108 1572 Aristi-

283 1563 379 1607 dem
410 1582 455 1624 p.
483 1584 502 1622 3
512 1584 552 1623 5.
601 1574 669 1616 Ita
698 1574 852 1619 scilicet
885 1577 1107 1636 legendum

283 1622 416 1666 esseet
445 1626 792 1686 distinguendum,
811 1649 911 1677 cum
939 1638 1024 1693 ipsa
1041 1654 1106 1682 res

227 1701 230 1703 Δ
279 1693 356 1723 nos
375 1686 557 1739 monuit,
575 1698 667 1733 tum
687 1693 945 1736 confirmavit
965 1695 1103 1749 lenio,

277 1753 406 1795 quam
437 1741 480 1784 su
510 1759 556 1786 ra
585 1748 815 1803 posuimus,
845 1753 1102 1807 Jensoniana,

278 1758 509 1852 quae-*illul
517 1805 685 1860 quidem
716 1808 812 1851 satis
842 1811 1015 1864 indicat,
1035 1814 1102 1856 ul-

275 1856 424 1900 timam
442 1860 638 1917 syllabam
660 1864 842 1911 habuisse
863 1884 906 1909 σι.

339 1931 409 1968 52.
440 1919 848 1980 certior-dimensto]
883 1927 934 1970 In
954 1933 1098 1977 metris

274 1970 516 2031 indulgetur
534 1988 575 2021 et
595 1983 851 2027 condonatur
869 1985 1026 2044 aliquid
1045 1991 1096 2033 de

269 2035 607 2088 pronuntiatione
625 2041 862 2094 verborum,
883 2059 925 2086 v.
943 2060 989 2102 g.
1012 2049 1094 2092 cir-

273 2102 323 2130 ca
342 2101 475 2135 mutae
491 2104 532 2136 et
550 2094 722 2152 liquidae
741 2102 1000 2155 concursum,
1023 2122 1093 2164 po·

268 2145 538 2208 fitionemque
569 2154 721 2200 aliam:
755 2158 799 2216 ξπ
831 2163 1094 2217 compqfitione

268 2215 408 2249 autem
455 2210 666 2265 orationis,
704 2232 800 2274 quae
847 2229 978 2263 metro
1015 2225 1090 2267 ad-

263 2263 403 2307 striffta
421 2280 503 2311 non
524 2269 587 2322 fit,
605 2272 788 2317 servatur
808 2275 1003 2322 dimensio
1022 2296 1090 2325 na-

264 2322 429 2374 tux-alis,
465 2342 560 2384 quae
597 2333 748 2376 certior
779 2335 836 2377 ob
871 2336 917 2379 id
953 2340 1088 2397 ipsum

261 2383 540 2440 apertiorque.
909 2414 911 2417 ·

328 2455 400 2493 52.
431 2443 625 2490 excidant
651 2451 828 2508 versus3
857 2462 1001 2497 contra
1018 2456 1081 2499 ni-

260 2496 342 2550 hil]
387 2499 454 2540 De
490 2505 605 2545 versu
640 2508 682 2548 in
723 2511 839 2565 prosa
870 2514 1081 2558 excidente

179 2608 182 2610 v
257 2556 518 2614 copiosiffime
546 2563 656 2607 voss.
679 2566 806 2610 Rhet.
828 2583 876 2620 4,
895 2585 942 2623 4,
965 2588 1005 2626 3.
1037 2583 1079 2617 et

257 2629 365 2670 quos
396 2614 537 2661 laudat
565 2621 732 2665 Fabric.
755 2626 808 2669 B.
831 2629 887 2670 L.
917 2630 1007 2674 To.
1033 2647 1076 2676 2.

254 2686 300 2729 p.
327 2677 428 2726 746.
464 2677 605 2721 Locus
626 2679 811 2727 clafficus
832 2686 928 2729 Cic.
951 2690 1075 2733 Orat.

253 2745 295 2772 c.
322 2735 394 2785 56.
426 2733 548 2777 Add.
570 2737 677 2783 infra
697 2739 724 2782 s.
753 2756 825 2794 72.
863 2744 1074 2791 Caeterum

250 2791 457 2843 revocavi
483 2795 702 2852 antiquam
740 2798 972 2854 lectionem,
989 2816 998 2825 ·
1013 2815 1073 2848 te·

246 2851 358 2890 mer‘e
394 2858 599 2895 mutatam
630 2868 655 2896 a
683 2856 846 2914 Regio=
895 2876 1070 2920 eamque

244 2903 315 2947 hic
354 2908 663 2966 explicatior-em
706 2915 804 2958 dare
850 2921 1031 2963 conabor
1052 2941 1063 2965 ι

241 2962 448 3008 Metricos
474 2968 597 3024 pedes
617 2970 660 3013 in
678 2974 861 3016 oratione
879 2979 1065 3034 reperiri,

241 3020 426 3077 duabus
451 3026 580 3070 rebus
625 3030 891 3089 intelligitur,
930 3037 1067 3093 primo

241 3081 353 3135 quod
390 3082 588 3128 excidunt
618 3088 755 3131 versus
789 3091 1065 3150 imprudenti-

241 3138 338 3189 bus,
358 3139 506 3185 deinde
523 3145 654 3199 quod,
675 3145 702 3188 fi
722 3148 765 3189 id
785 3162 976 3207 agamus,
995 3155 1062 3197 ni-

236 3194 296 3238 hil
318 3199 436 3255 prosa
453 3203 639 3246 oratione
665 3204 862 3262 scriptum
882 3223 964 3252 non
985 3227 1059 3268 po·

236 3255 310 3297 test
328 3257 461 3314 redigi
480 3258 524 3301 in
550 3261 689 3304 versus
713 3264 964 3310 diversorum
984 3285 1057 3326 ge-

234 3326 377 3355 nerum
396 3315 462 3358 vel
484 3317 683 3376 integros,
703 3322 768 3365 vel
798 3325 838 3366 in
859 3328 1054 3382 quaedam

231 3380 341 3413 certe
378 3377 564 3418 membra
603 3378 910 3426 versiculorum.
977 3386 1054 3429 Sed

230 3427 299 3470 hic
319 3443 382 3473 res
412 3434 533 3476 nobis
561 3448 856 3495 nonnunquam
875 3441 929 3485 est
954 3458 1052 3487 cum

233 3485 538 3534 Grammaticis
558 3494 752 3546 molestis,
768 3498 842 3553 qui
862 3514 943 3542 non
963 3516 1054 3544 mo-

227 3543 316 3590 rosa
350 3546 487 3601 minus
518 3550 737 3608 diligentia
765 3555 982 3614 rhythmos
1013 3569 1055 3604 et

1169 805 1192 838 Ρ
1213 808 1398 851 contra
1445 800 1601 868 nihil,
1647 807 1792 876 quod
1815 819 1836 851 ‘1

614 865 632 887 ‘
651 873 759 908 non
786 858 959 932 redigi
981 864 1137 934 poflit
1168 865 1226 919 in
1252 870 1499 940 quaedam
1527 876 1899 935 versiculorum
1924 902 2029 956 ge-

862 1033 890 1062 n
907 1029 974 1069 sic
993 1032 1043 1072 G.
1066 1033 1116 1073 Et
1135 1033 1202 1089 iffi
1221 1035 1277 1076 az.

1880 813 2032 883 prosa

1385 1045 1408 1080 q
1433 1039 1500 1080 Sic
1519 1043 1570 1084 G.
1589 1046 1696 1086 Jens.
1715 1049 1769 1088 est
1785 1049 1838 1090 al.
1923 1055 1940 1076 ¹⁸
1959 1052 2028 1093 Sic

1198 1242 1321 1298 pedes
1339 1245 1513 1304 exigunt
1528 1258 1570 1292 et
1582 1250 1845 1298 dinumerant
1864 1256 1906 1299 in
1927 1269 2020 1303 ora.-

1197 1302 1375 1354 toribus,
1403 1319 1532 1361 quam
1566 1308 1609 1351 in
1641 1310 1892 1368 Lyn’comm
1925 1332 2020 1360 car-

1192 1360 1380 1404 minibus
1409 1363 1566 1409 fastum
1597 1368 1666 1419 est,
1686 1385 1727 1412 v.
1752 1387 1799 1430 g.
1830 1388 1854 1416 a
1874 1374 2018 1419 Mario

1194 1418 1407 1461 Viam-ino
1437 1422 1490 1464 de
1522 1427 1665 1468 metris
1696 1429 1940 1476 Horatianis
1967 1451 2010 1493 p.

1193 1478 1325 1518 2610.
1347 1477 1518 1523 Putsch.
1541 1497 1566 1524 a
1597 1484 1828 1532 Scholiastis
1857 1491 2012 1536 Pinda-

1190 1534 1288 1577 ricis
1310 1536 1392 1578 δίε.
1435 1539 1494 1580 Et
1525 1538 1616 1584 sunt
1650 1543 1741 1587 sane
1768 1547 1819 1590 de
1839 1547 1918 1592 hoc
1937 1565 2013 1608 ge-

1188 1605 1283 1634 nere
1309 1593 1496 1651 pluscula
1512 1601 1624 1657 apud
1653 1603 1787 1660 ipsum
1816 1607 2011 1652 Halicar-

1187 1649 1401 1695 naffensem
1431 1655 1677 1715 Dionyfium
1707 1664 1793 1714 περὶ
1821 1667 1927 1706 συνὲ.
1963 1683 2006 1712 c.

1191 1711 1261 1752 18.
1297 1711 1374 1755 ubi
1409 1713 1576 1758 initium
1609 1718 1892 1764 Demosthenis
1931 1741 2009 1783 pro

1187 1765 1354 1810 Corona
1389 1775 1598 1829 expendit.
1648 1777 1707 1820 Et
1743 1779 1873 1836 potest
1908 1785 2006 1828 talis

1186 1824 1504 1874 Grammaticus
1533 1847 1753 1890 provocare
1786 1838 1838 1881 ad
1869 1839 2004 1898 ipsum

1184 1883 1440 1938 Ciceronem,
1479 1889 1523 1931 h.
1558 1906 1618 1934 m.
1659 1894 1716 1936 At
1750 1894 1887 1940 Cicero
1917 1899 2002 1946 διε.

1178 1941 1561 2000 Argumentaretur
1590 1962 1728 1994 autem
1749 1955 1825 2006 ita,
1846 1955 2006 2003 Nume-

1177 2013 1249 2042 rus
1283 2012 1324 2046 et
1357 2003 1564 2062 rhythmus
1597 2010 1690 2052 sunt
1729 2012 1872 2066 idem;
1910 2016 1999 2069 jam

1174 2061 1356 2104 numeris
1385 2063 1531 2121 alligat
1557 2069 1783 2112 orationem
1819 2072 1996 2120 Cicer0=

1174 2130 1272 2174 ergo
1302 2119 1527 2179 rhythmiS.
1575 2125 1651 2169 Sed
1682 2129 1998 2187 propofitionem

1172 2188 1255 2218 non
1302 2177 1537 2237 {impliciter
1571 2187 1760 2230 concedit
1803 2189 1990 2236 Fabius:

1172 2232 1362 2292 Rhythmi
1380 2237 1473 2282 sunt
1500 2243 1675 2294 numeri,
1695 2245 1759 2288 sed
1788 2260 1870 2290 non
1894 2264 1993 2292 con-

1171 2299 1235 2333 tra
1253 2307 1394 2338 omnes
1413 2299 1573 2341 numeri
1589 2300 1682 2344 sunt
1699 2304 1825 2347 iidem
1852 2305 1994 2365 rlgyth-

1166 2348 1241 2392 mi.
1287 2352 1462 2398 Interim
1502 2371 1599 2401 cum
1636 2374 1718 2404 non
1756 2361 1804 2405 fit
1840 2377 1990 2412 nomen

1166 2411 1440 2463 commodius,
1478 2428 1666 2466 numeros
1705 2417 1829 2464 etia'm
1867 2437 1989 2468 voce-

1163 2480 1259 2510 mus
1295 2469 1579 2528 rhythmicum
1627 2476 1748 2529 illud,
1786 2479 1986 2531 muficum

1163 2523 1268 2568 illud
1287 2537 1328 2570 et
1346 2531 1561 2585 poeticum
1582 2534 1624 2576 in
1652 2538 1847 2581 oratione.
1899 2541 1986 2584 Po·

1163 2584 1236 2626 test
1264 2585 1341 2643 hoc
1365 2597 1482 2634 tanto
1508 2593 1645 2649 magis
1675 2595 1873 2651 postulare
1899 2600 1983 2643 Fa-

1160 2639 1273 2694 bius,
1309 2648 1420 2701 quod
1459 2649 1583 2691 etiam
1615 2652 1755 2703 ῥυθμός
1784 2654 1844 2698 ita
1876 2670 1981 2701 non-

1156 2712 1372 2758 nunquam
1411 2707 1616 2764 accipitur
1648 2724 1673 2752 a
1708 2711 1891 2765 Graecis,
1930 2727 1981 2761 ut

1155 2757 1346 2803 sonorum
1384 2762 1488 2808 illud
1525 2765 1740 2823 significet,
1775 2781 1816 2813 et
1841 2775 1978 2831 *quid-

1155 2817 1260 2871 quid
1293 2821 1469 2879 percipit
1499 2825 1690 2877 auditor,
1718 2829 1845 2873 etiam
1876 2847 1975 2878 cum

1152 2873 1490 2931 significationem
1537 2884 1654 2926 vocis
1701 2887 1842 2931 nescit.
1905 2891 1972 2938 Sic

1149 2932 1328 2976 Lucian.
1351 2936 1394 2978 in
1415 2940 1538 2982 vitar.
1560 2941 1671 2985 aust.
1694 2959 1737 3001 p.
1765 2949 1862 2999 382,
1892 2951 1971 2998 ubi

1111 3022 1112 3025 η
1151 2991 1280 3035 Stoici
1312 2994 1462 3040 Emtor
1491 2998 1629 3043 doceri
1657 3002 1777 3060 petit,
1826 3006 1902 3048 uid
1921 3006 1972 3052 fit

1146 3047 1352 3101 σύμζιιμα,
1379 3056 1692 3109 ωαςασύμέαμα,
1710 3074 1785 3103 cau
1806 3077 1870 3105 am
1902 3065 1968 3108 in-

1145 3104 1353 3157 terserens,
1374 3111 1434 3149 οὐκ
1461 3112 1526 3151 οἵδ’
1544 3113 1635 3160 ὅπως
1651 3115 1805 3168 ἐπλήγην
1832 3122 1897 3162 ὑπὸ
1916 3126 1966 3164 τῦ

1139 3162 1269 3215 ῥυθμέ
1287 3170 1355 3203 τῶν
1371 3166 1562 3218 ὃνομάτων.
1601 3172 1659 3214 E't
1689 3174 1770 3231 ipse
1795 3176 1965 3222 Aristo-

1142 3218 1241 3261 teles
1275 3220 1404 3265 Rhet.
1441 3239 1480 3277 3,
1506 3230 1548 3275 8,
1573 3243 1614 3282 5.
1646 3230 1663 3269 ὅ
1688 3235 1739 3271 τῦ
1763 3237 1964 3288 σχέμπτος

1141 3279 1204 3321 τῆς
1221 3277 1348 3328 λέξεως
1369 3280 1522 3334 αἴριθμός
1545 3286 1680 3338 ῥυθμός
1705 3292 1795 3334 §cm
1835 3293 1958 3338 Hanc

1140 3332 1166 3374 fi
1197 3335 1294 3390 quis
1325 3335 1463 3381 seriem
1498 3345 1690 3395 tennerit,
1719 3345 1853 3400 locus,
1882 3353 1973 3408 qui1

1135 3391 1315 3435 multum
1346 3395 1503 3453 alioqui
1533 3403 1690 3457 negotii
1711 3403 1862 3450 faceffit
1880 3408 1956 3452 ho·

1136 3451 1320 3494 minibus
1342 3466 1423 3496 non
1442 3456 1746 3509 indoffis‚satis
1766 3465 1843 3506 erit
1863 3469 1956 3526 per.-

1134 3505 1321 3567 spicnuS.
1353 3512 1431 3559 Sed
1449 3527 1561 3565 nunc
1582 3518 1633 3578 ad
1653 3517 1826 3578 lingula.
