2320 4030
329 365 422 398 122
697 345 774 395 M.
810 345 1016 414 FABH
1061 343 1633 402 QUINCTILIANI

314 503 442 556 quae
466 482 922 555 praepofitionibus
941 484 962 516 ¹⁸
1001 482 1055 534 in
1082 481 1403 537 contrarium
1431 490 1728 548 mutantur,
1756 482 1872 537 Non
1907 487 2048 557 emis.

302 558 398 629 sit-s
424 576 483 609 ex
506 556 644 621 urbe,
671 554 771 626 fid
803 555 1036 626 immiſj‘us
1055 563 1075 586 ‘³
1119 554 1174 606 in
1197 554 1366 606 urbem
1404 555 1492 624 ff
1513 554 1771 607 videatur.
1845 557 2049 614 Melius

318 638 483 699 atque
517 626 711 692 aerina,
737 626 884 697 quod
922 644 1046 683 cum
1088 625 1257 697 figura
1283 624 1588 696 jucundum
1627 625 1719 688 est,
1743 636 1860 680 turn
1885 627 2048 686 etiam

321 698 473 756 sensu
511 697 671 762 valet,
697 698 851 751 Emit·
878 705 1029 749 morte
1052 696 1488 753 immortalitatem.
1565 696 1665 758 Illa
1703 696 1914 750 leviord
1955 700 2045 765 est,
2071 711 2144 770 72.

319 769 436 824 ,Non
464 770 714 841 Pisonum,
730 769 832 839 std
862 766 1138 839 Pistorum3
1178 777 1253 832 et,
1281 769 1370 820 Ex
1395 777 1622 820 oratoree
1659 778 1850 821 arator.
1926 771 2045 829 Pes-

317 840 505 899 fimum
552 859 691 904 vero,
731 839 811 893 Ne
846 850 1015 912 patres
1057 839 1310 911 conscripti
1347 839 1623 891 videantur
1659 839 2043 912 circumscripti3

316 911 454 964 Raro
493 911 676 975 evenit,
699 911 801 979 fid
830 911 1138 963 vehementer
1173 910 1332 963 venit.
1407 909 1496 962 Sic
1533 910 1824 981 contingit,
1852 921 1916 964 ut
1941 912 2044 966 ali-

318 982 440 1054 quis
482 981 656 1035 sensus
701 981 993 1035 vehemens
1033 990 1089 1033 et
1124 997 1246 1032 acer
1284 981 1608 1034 venustatem
1643 980 1897 1051 aliquam,
1935 1001 2043 1037 non

316 1053 546 1107 eodems
589 1072 655 1106 ex
697 1054 856 1105 verbo
903 1070 1011 1104 non
1052 1050 1329 1117 dissonam,
1373 1051 1614 1122 accipiat.
1689 1054 1764 1105 Et
1812 1073 1907 1106 cur
1955 1074 2044 1111 me
2066 1069 2133 1130 73

313 1124 596 1196 prohibeat
644 1123 813 1196 pudor
865 1123 946 1176 uti
993 1121 1281 1178 domestico
1328 1123 1619 1193 exemplo?
1688 1124 1838 1176 Pater
1888 1143 2044 1183 meus

314 1208 504 1250 contra
535 1215 682 1261 eum,
707 1195 800 1267 qui
824 1194 876 1247 se
904 1194 1162 1265 legationi
1198 1192 1596 1254 immoriturum
1632 1193 1859 1261 dixerat,
1886 1195 2042 1251 dein,-

312 1266 385 1321 de
417 1267 506 1326 vix
542 1267 727 1339 paucis
761 1266 958 1320 diebus
1000 1264 1244 1319 insumtis
1278 1283 1336 1318 re
1376 1264 1576 1318 infecta
1613 1265 1871 1325 redierat:
1924 1267 2044 1322 Non

312 1340 478 1410 exigo,
519 1349 577 1392 ut
625 1337 916 1399 immor-iaris
961 1337 1220 1409 legationi,
1265 1337 1541 1389 immorare.
1614 1337 1762 1389 Nam
1803 1346 1862 1390 et
1899 1339 2042 1394 valet

311 1411 489 1471 sensus
524 1410 648 1483 ipse,
675 1422 731 1463 et
754 1409 808 1462 in
834 1408 1006 1468 verbis
1031 1418 1241 1461 tantum
1280 1407 1591 1460 distantibus
1624 1406 1870 1480 jucunde
1905 1427 2038 1468 con-

311 1483 462 1535 sonat
486 1501 609 1547 vox,
637 1481 920 1554 praesertim
947 1488 1065 1532 nors
1081 1488 1309 1550 captata,
1335 1478 1423 1532 sed
1448 1479 1597 1532 velut
1619 1479 1833 1534 oblata&
1857 1500 1870 1535 ε
1911 1499 2038 1539 cum

311 1552 480 1607 altero
503 1555 527 1587 ¹¹
585 1555 678 1607 suo
729 1553 792 1606 fit
838 1552 978 1616 usus,
1030 1550 1256 1604 alterum
1304 1551 1370 1603 ab
1406 1549 1706 1611 ‚adversario
1753 1553 2034 1623 acceperit.
2061 1568 2132 1626 74

308 1625 533 1698 Magnae
572 1625 840 1679 veteribus
878 1642 1018 1677 curae
1059 1621 1181 1688 fuit,
1208 1622 1432 1694 gratiam
1470 1620 1686 1674 dicendi
1720 1622 1783 1674 ei
1821 1624 2038 1695 paribus

306 1697 588 1752 contrariis
612 1695 903 1768 acquirere.
979 1693 1208 1766 Gorgias
1235 1695 1287 1746 in
1314 1693 1418 1747 hoc
1444 1691 1770 1746 immodicus
1787 1694 1821 1761 ¹,
1848 1695 2035 1768 copio-

306 1766 393 1822 sus
433 1767 620 1841 utique
658 1767 881 1839 ltnprima
921 1776 1079 1820 aetate
1119 1765 1370 1823 Isocrates
1413 1764 1538 1819 fuit.
1611 1764 1926 1820 Delee‘mtus
1962 1769 2038 1822 est

307 1837 394 1893 his
418 1839 580 1893 etiam
609 1840 694 1893 M.
718 1838 952 1903 Tullius,
975 1855 1161 1893 verum
1187 1848 1244 1890 et
1278 1836 1499 1890 modum
1536 1835 1783 1897 adhibuit
1813 1856 1920 1891 non
1947 1836 2034 1892 in-

305 1920 475 1981 gratae
507 1910 620 1977 (nifi
647 1910 803 1983 copia
831 1907 1116 1977 redundet)
1157 1907 1437 1980 voluptati,
1463 1917 1519 1960 et
1551 1926 1686 1971 rem,
1711 1907 1913 1979 alioqui
1949 1909 2032 1963 le-

306 2000 448 2047 vem,
474 1982 854 2036 sententiarum
876 1980 1112 2053 ,pondere
1137 1979 1400 2052 implevit.
1474 1980 1618 2032 Nam
1646 1998 1740 2050 per
1764 1979 1814 2032 se
1837 1980 2036 2053 frigida

304 2065 362 2107 et
387 2052 560 2110 inanis
584 2053 848 2108 affectatio
867 2062 909 2119 ¹¹,
935 2070 1059 2106 cum
1086 2051 1140 2103 in
1178 2069 1323 2105 acres
1345 2062 1365 2084 ⁰
1404 2050 1595 2104 incidit
1629 2050 1823 2116 sensuS,
1850 2051 2034 2112 innata
2054 2069 2082 2128 7
2085 2069 2122 2130 5

303 2124 517 2179 videtur
561 2125 663 2179 effe
684 2136 726 2191 P,
773 2142 881 2176 non
924 2123 1174 2178 arceflita.
1251 2122 1499 2177 Similz'um
1545 2121 1656 2175 fere
1703 2121 2035 2195 quadruplex

302 2195 443 2249 ratio
478 2197 569 2250 est.
642 2197 787 2251 Nam
827 2196 937 2248 est‘l
977 2195 1233 2266 primum,
1260 2195 1472 2265 quoties
1508 2194 1734 2248 verbum
1770 2195 1932 2249 verbo
1966 2195 2031 2250 fi-

304 2267 432 2321 mile
451 2280 486 2335 ¹,
513 2278 606 2321 aut
630 2286 738 2321 non
766 2265 1010 2322 diffimile
1036 2266 1190 2320 valde
1215 2266 1469 2337 quaeritur
1491 2286 1506 2319 :
1544 2276 1626 2331 ut,

745 2375 760 2398 ³
783 2365 1069 2438 Puppesque
1095 2374 1218 2432 tuce,
1238 2364 1484 2441 pubesque
1509 2374 1721 2418 tuorum.

302 2475 376 2528 et,
408 2466 488 2519 Sic
510 2472 523 2498 ²
563 2467 616 2519 in
641 2467 733 2518 hac
757 2463 1043 2535 calamitosa
1069 2462 1249 2535 fama,
1276 2464 1419 2537 quast
1438 2473 1458 2497 ¹¹
1487 2463 1541 2517 in
1575 2463 1751 2535 aliqua
1779 2464 2030 2536 pernicio-

283 2536 477 2608 sifflma
496 2536 716 2608 flamma
736 2559 752 2590 :
792 2548 865 2602 et,
893 2536 1008 2588 Non
1031 2536 1157 2588 enim
1185 2547 1286 2588 tam
1303 2537 1356 2607 s
1376 2555 1422 2587 es
1459 2535 1741 2600 laudanda,
1767 2557 1918 2608 quam
1953 2558 2030 2591 res

300 2598 382 2681 dl.
454 2612 570 2661 Aut
608 2617 750 2662 certe
792 2626 885 2680 par
922 2608 993 2659 est
1032 2607 1282 2659 extremis
1346 2606 1537 2680 yllabis
1573 2607 1883 2673 consonans,
1912 2608 2028 2663 Non
2050 2631 2122 2700 75

302 2680 488 2745 verbiS,
509 2681 612 2751 secl
645 2679 815 2733 armis.
891 2681 963 2731 Et
1003 2677 1108 2735 hoc
1148 2698 1383 2749 quoque,
1411 2677 1623 2751 quoties
1660 2677 1715 2734 in
1741 2677 2028 2734 sententias

300 2769 448 2805 acres
484 2750 692 2817 incidit,
717 2750 1004 2823 pulchrum
1042 2750 1149 2802 est:
1196 2751 1452 2821 Quantum
1485 2749 1645 2823 pqffis,
1673 2749 1727 2800 in
1762 2770 1812 2802 eo
1830 2752 2030 2824 semper

299 2823 520 2896 experire
541 2831 584 2889 Χ,
609 2833 666 2876 ut
693 2823 868 2896 prcfis.
942 2822 1070 2890 Hoc
1094 2821 1163 2873 est
1188 2822 1396 2889 πάρισον,
1422 2831 1485 2874 ut
1518 2819 1777 2892 plerisque
1801 2822 2025 2893 placuit.

353 2976 374 3004 ὓ
406 2978 739 3030 propositionibus
758 2977 811 3018 G.
972 2980 1005 3030 θ’
1021 2975 1158 3015 missus
1178 2977 1220 3015 in
1239 2976 1336 3015 urbe
1353 2975 1458 3013 Jens.
1623 2974 1640 3000 ‘¹
1673 2975 1836 3026 leviora,
1855 2978 1952 3018 Non
1971 2978 2025 3019 G.

298 3036 316 3057 θ
349 3042 500 3072 aratore
517 3042 648 3073 orator
664 3032 771 3071 Jens.
918 3028 936 3056 f
962 3031 1133 3070 eandem
1153 3042 1201 3069 eo
1217 3029 1564 3079 verbo-accipiet
1582 3030 1634 3068 G.
1653 3031 1759 3069 Jens.
1904 3037 1922 3062 ⁸
1954 3033 2028 3072 ob..

297 3085 370 3126 lita
389 3088 441 3126 G.
605 3087 624 3111 ‘¹
657 3086 769 3126 aliter
785 3084 891 3124 Jens.
1030 3083 1039 3108 ³
1073 3096 1096 3122 a
1116 3085 1168 3123 G.
1307 3089 1315 3113 ¹
1349 3084 1594 3132 immodicus
1613 3084 1665 3124 G.
1819 3089 1850 3110 ¹¹¹
1882 3099 1951 3124 om.
1971 3087 2026 3127 G.

300 3150 323 3174 n
352 3141 506 3180 affefflo
524 3141 630 3179 Jens.
739 3141 762 3163 0
791 3139 891 3178 aeris
912 3138 963 3177 id.
1071 3144 1092 3170 P
1117 3138 1262 3177 habere
1282 3137 1334 3176 id.
1445 3144 1462 3170 ²³
1497 3146 1536 3176 et
1556 3140 1607 3176 G.
1711 3142 1727 3163 ¹·
1757 3153 1826 3177 om.
1846 3139 1897 3178 G.
1915 3140 2028 3179 Jens.

296 3205 312 3226 ε
339 3195 404 3233 Tu
425 3195 492 3244 irps?
511 3196 618 3234 Jens.
722 3198 750 3241 ⁴¹
781 3194 848 3234 Sic
867 3193 918 3234 G.
937 3192 1044 3232 Jens.
1064 3193 1151 3232 Cic.
1168 3193 1209 3231 Si
1229 3191 1284 3231 al.
1404 3197 1425 3217 ¹¹
1457 3203 1551 3244 quae
1568 3191 1675 3232 Jens.
1802 3197 1823 3218 Χ
1854 3195 2025 3246 experiri

293 3250 346 3288 G.
361 3250 468 3289 Jens.

358 3398 430 3439 75.
462 3384 689 3449 Puppesque
717 3384 821 3437 tuae]
854 3383 977 3441 Virg.
1002 3383 1113 3425 AEn.
1201 3386 1275 3424 62.
1328 3381 1454 3434 Abiit,
1474 3381 1627 3435 excaeffit
1647 3379 1777 3423 Catil.
1802 3396 1845 3434 2,
1871 3397 1912 3425 1.

299 3458 342 3493 ι,
364 3458 464 3499 399.
495 3442 562 3484 Sic
580 3458 622 3485 tn
642 3442 718 3484 hac
738 3443 832 3484 Cic.
851 3457 924 3500 pro
945 3440 1114 3484 Cluent.
1261 3443 1333 3492 76.
1366 3440 1535 3495 we'pacov]
1566 3439 1711 3482 Paullo
1731 3439 1849 3482 aliter
1867 3440 2023 3499 accipit

301 3516 342 3542 1.
365 3511 469 3543 extr.
517 3499 607 3542 Non
639 3501 746 3542 modo
766 3500 826 3542 ad
841 3499 1020 3558 salutem
1041 3514 1116 3556 pro
1199 3498 1365 3555 Aquila
1396 3499 1524 3541 Rom.
1548 3513 1590 3555 p.
1619 3501 1687 3548 18,
1710 3498 1884 3548 Pithoei,
1903 3513 2022 3541 nem-

295 3558 450 3601 Milon.
475 3574 513 3600 2.
548 3558 654 3601 Vicit
675 3559 869 3615 pudorem
902 3573 976 3614 pro
1011 3558 1116 3600 Clu-
1199 3572 1249 3613 pe
1270 3565 1396 3614 prope
1420 3563 1695 3612 exaequatum,
1715 3555 1756 3598 in
1777 3571 1863 3613 quo
1880 3556 2022 3606 differt

292 3627 380 3659 ent.
414 3632 454 3660 c.
480 3622 522 3660 6.
558 3616 658 3660 usus
692 3618 815 3659 etiam
844 3616 897 3660 est
932 3616 1050 3675 supra
1082 3615 1112 3658 s.
1199 3617 1251 3659 ab
1282 3618 1456 3668 ῖπκάλῳ,
1478 3614 1590 3672 quod
1619 3614 1739 3674 plane
1766 3621 2021 3673 exequatum
