2320 4030
578 316 859 379 IN‘STI'T.
897 329 1240 380 ORATOR.
1277 317 1624 394 LIB.1X.‘3.
1755 322 1761 337 ’
1874 345 1966 399 127

242 466 554 541 p‘ropofitisz
604 466 732 539 quia
769 476 863 520 aut
900 465 970 518 fin
1015 466 1148 519 ulis*
1191 463 1363 519 statim
1406 466 1542 519 ratio
1581 466 1876 540 subjicitur,
1909 485 1976 528 ut

243 541 316 594 est
340 539 481 612 apud
520 539 584 592 C.
613 539 939 602 Antonium,
1008 538 1073 589 ed
1102 556 1256 610 neque
1291 538 1617 610 accusatorem
1653 561 1760 593 eum
1795 556 1974 611 metuo,

243 611 330 683 qui
347 613 468 682 stem
494 610 718 666 innocens
738 631 754 662 .·
791 629 948 681 neque
971 611 1317 680 competitorem
1348 627 1538 675 vercor,
1566 610 1653 682 qui
1667 614 1787 684 sum
1811 615 1977 669 Anto-

156 698 224 760 95
244 682 356 735 nius
373 704 390 736 .·
427 702 580 754 neque
603 680 839 753 consulem
857 681 1030 753 spero,
1088 680 1142 731 ui
1166 679 1232 752 est
1258 680 1420 734 Cicero
1443 701 1460 732 .·
1498 694 1592 734 aut
1620 683 1798 753 pofitis
1835 686 1977 740 duo-

245 754 348 806 bus
385 753 471 808 vel
511 752 705 817 tribuS,
743 751 933 804 eodem
980 700 1167 804 orcfine
1206 751 1422 822 singulis
1462 754 1753 806 continuo‘
1797 758 1978 825 reddi-

244 833 410 878 tutu:
463 823 622 896 quale
663 822 802 894 apud
847 823 1072 876 Brutum
1116 821 1226 874 dex
1269 823 1531 877 ἀὶἇίειωτει
1572 825 1676 878 Cn.
1718 827 1978 901 Pompeii,

183 902 193 910 ⁷
247 891 467 967 Praestat
490 895 618 948 enim
641 893 826 947 nemini
849 895 1108 967 imperare,
1134 914 1283 966 quarn
1308 896 1460 948 alicui
1481 897 1685 967 servire
1702 918 1720 950 .·
1739 899 1858 970 stne
1893 901 1982 954 illo

247 968 374 1021 enim
397 968 572 1020 vivere
610 963 794 1036 honeste
835 965 966 1032 ticet,
994 986 1100 1018 cum
1125 967 1211 1018 hoc
1234 966 1446 1019 vivendi
1482 968 1628 1020 nulla
1665 971 1873 1025 conditio
1898 973 1980 1055 est.

157 1043 227 1115 96
249 1039 355 1092 Sed
394 1038 491 1092 uni
526 1037 604 1092 rei
640 1037 923 1110 multiplex
956 1037 1092 1090 ratio
1126 1036 1545 1110 subjungitur²=
1585 1052 1647 1093 ut
1682 1042 1825 1114 apud
1854 1044 1980 1100 Vn*-

245 1110 463 1183 gilium,

393 1209 515 1263 Sive
538 1208 653 1261 inde
678 1207 889 1262 occultas
914 1207 1068 1274 vires,
1091 1217 1140 1260 et
1156 1206 1347 1288 pabula
1374 1218 1526 1264 terrae

388 1281 617 1354 Pinguia
642 1281 936 1361 concipiunt,
942 1280 1062 1351 five
1086 1278 1190 1332 illis
1213 1300 1348 1333 omne
1363 1293 1458 1354 per
1481 1283 1646 1356 ignem

390 1351 704 1425 Excoquitur
725 1351 908 1406 vitium
930 1361 950 1384 ³

274 1474 278 1478 .
345 1451 348 1454 ⁴
393 1423 492 1477 Seu
508 1423 682 1497 plures
707 1423 841 1476 calor
863 1421 951 1475 ille
975 1423 1327 1489 vias,-—·--

391 1494 491 1550 Seu
513 1496 673 1548 durat
694 1494 877 1568 magale,

159 1628 227 1688 97
250 1620 308 1666 et
329 1619 477 1666 totus
500 1610 673 1664 locus.
749 1609 1054 1662 Relationem
1079 1605 1212 1681 quid
1235 1607 1407 1680 accipi
1432 1609 1582 1677 velit,
1609 1628 1714 1667 non
1751 1613 1887 1683 mihi
1913 1619 1985 1673 li-

289 1693 402 1738 uet.
476 1683 622 1735 Nam
649 1681 684 1734 fi
709 1679 998 1748 ὑπαλλαγὴν
1015 1681 1040 1713 b
1076 1689 1170 1733 aut
1196 1679 1426 1738 ἐπάνοδον,
1451 1692 1544 1735 aut
1569 1682 1942 1754 α’ντιμεταξολήν
1963 1697 1986 1724 ‘'-

292 1755 409 1821 icit,
454 1753 523 1807 de
565 1752 817 1806 omnibus
853 1750 1024 1804 locuti
1065 1751 1265 1804 sumus.
1340 1751 1449 1805 Sed
1485 1753 1751 1826 quidquid
1791 1757 1847 1811 id
1891 1761 1984 1830 est,

251 1836 430 1899 neque
451 1828 472 1858 ‘¹
497 1825 623 1892 hoc,
652 1840 826 1895 neque
854 1821 1116 1894 superiora
1140 1822 1197 1875 in
1224 1833 1431 1878 oratore
1467 1826 1678 1897 repetit.
1754 1828 1881 1884 Sola
1914 1835 1988 1888 est

251 1897 314 1954 in*
337 1916 403 1951 eo
425 1897 562 1952 libro
596 1895 797 1968 pofitae
835 1894 1030 1966 pariter
1069 1893 1210 1948 inter
1246 1893 1446 1966 figuras
1486 1898 1770 1954 verborum
1813 1905 1984 1958 excla-

251 1969 424 2034 matio,
452 1987 614 2042 quam
638 1965 914 2021 sententiae
939 1966 1320 2037 potiusvputoz
1360 1965 1581 2020 affe61us
1617 1970 1760 2023 enirn
1788 1974 1858 2026 est
1873 1995 1891 2041 3
1930 1989 1992 2031 et

254 2041 446 2098 ceteris
472 2039 725 2094 omnibus
748 2036 1039 2091 consentio,
1083 2036 1290 2109 Adjicit
1311 2036 1396 2089 his
1421 2038 1675 2092 Caecilius
1697 2041 1987 2112 περίφρασιν,

163 2115 233 2190 98
256 2111 474 2184 desqua
513 2110 640 2176 dixi.
716 2106 1034 2164 Cornificius
1072 2108 1522 2179 interrogationem,
1546 2111 1987 2184 ratiocinationem,

236 2183 611 2257 subjectionem,
639 2179 1026 2253 translationem,
1064 2179 1430 2233 occultationem
1450 2202 1468 2234 .·
1505 2195 1761 2254 praeterea
1777 2186 1989 2257 senten-

255 2255 399 2321 tiam,
439 2254 724 2319 membrum,
770 2251 1055 2316 articulum,
1098 2252 1565 2324 interpretationem,
1611 2255 1952 2328 concliffionem
1971 2281 1989 2314 .·

292 2340 488 2381 uorum
527 2325 702 2398 priora
738 2323 955 2379 alterius
1038 2322 1210 2376 eneris
1247 2323 1369 2376 sunt
1408 2323 1695 2392 schemata,
1719 2327 1994 2400 sequentia

166 2420 236 2474 99
275 2397 526 2453 chemata
572 2394 797 2463 omnino
840 2411 948 2448 non
1015 2405 1131 2448 unt.
1207 2395 1367 2447 Item.
1391 2394 1629 2450 Rutilius
1669 2410 1863 2470 praeter
1907 2421 1990 2470 ea,

257 2484 381 2542 quae
420 2467 563 2542 apud
599 2465 731 2521 alios
775 2483 992 2538 quoque
1029 2466 1149 2519 sunt
1168 2465 1449 2536 schemata,
1482 2469 1867 2537 ωαρομολογιάν,
1907 2474 1990 2524 οἰν-

257 2544 476 2608 αγκαῖον,
499 2536 754 2605 ἠθοποιΐαν,
779 2536 1111 2607 δικαιολογίαν,
1132 2536 1390 2620 πρόληψιν,
1425 2541 1833 2608 χαρακτηρισμὸν,
1869 2545 1992 2613 Qua

255 2607 520 2677 χυλογὶαν,
554 2603 938 2675 ωαςασιώπησιν,
971 2607 1258 2677 ωαρῥησιαν,
1299 2605 1366 2658 de
1402 2605 1601 2678 quibus
1656 2608 1800 2662 idem
1845 2612 1988 2668 dico.

257 2677 409 2730 Nam
433 2694 525 2730 eos
548 2674 771 2746 quidem
795 2673 1058 2740 aue'toreS,
1086 2675 1180 2746 qui
1205 2675 1415 2730 nullum
1447 2693 1611 2751 prope
1643 2678 1806 2733 finem
1846 2683 1991 2742 fece-

177 2792 182 2797 .
259 2757 390 2801 runt
425 2745 769 2820 exquirendis
810 2745 1137 2812 nominibus,
1210 2749 1487 2802 raeteribo:
1528 2749 1623 2822 qui
1659 2751 1846 2819 etiam,
1870 2774 1992 2826 quae

169 2859 243 2889 ,00
260 2818 382 2873 sunt
416 2829 878 2892 argumentorum,
903 2765 1525 2891 figuris'aAE‘cripserunt.
1599 2823 1643 2874 E
1686 2840 1720 2874 o
1754 2823 1890 2879 illud
1927 2827 1995 2881 de

261 2889 328 2945 iis
360 2890 544 2958 etiam,
569 2908 693 2962 quae
728 2905 851 2944 vere
890 2887 1033 2956 sunt,
1059 2887 1306 2961 adjiciam
1342 2891 1593 2958 breviter,
1650 2903 1765 2948 1cut
1803 2911 1996 2952 ornant

313 3067 331 3092 ⁸
359 3059 515 3110 singula
530 3061 638 3101 Jens.
760 3062 775 3091 t
803 3059 999 3100 continua
1019 3060 1070 3101 G.
1087 3060 1194 3102 Jens.
1318 3061 1339 3080 '¹
1371 3063 1556 3103 reddatur
1574 3064 1627 3105 G.
1655 3066 1869 3107 reddantur
1884 3069 1994 3112 Jens.

261 3119 286 3143 ¹
313 3115 363 3153 de
381 3115 475 3154 όῐόὶ.
494 3129 564 3155 om.
582 3114 688 3154 Jens.
824 3122 846 3142 2
874 3114 1080 3163 subjicitur
1097 3116 1150 3155 id.
1303 3122 1323 3143 ⁸
1350 3126 1391 3157 et
1411 3126 1518 3158 totus
1537 3119 1650 3159 locus
1670 3121 1736 3173 ins:
1759 3122 1808 3161 G.
1828 3124 1933 3162 Jens.
1955 3135 1993 3164 et

264 3183 348 3207 mox
364 3182 433 3208 om.
598 3168 616 3194 δ
649 3168 824 3207 ἀνάτασιν
842 3169 894 3207 G.
1058 3174 1074 3194 ⁶
1106 3166 1315 3218 μεταζολῆν
1331 3172 1385 3212 G.
1547 3174 1566 3198 ‘¹
1598 3186 1651 3213 ne
1671 3176 1760 3214 haec
1782 3177 1866 3229 sup.
1882 3180 1990 3219 Jens.

265 3228 288 3251 e
314 3223 477 3274 ponitur
494 3230 536 3263 et
553 3222 656 3262 inter
674 3223 726 3262 G.
755 3222 828 3261 Par
845 3224 900 3262 est
919 3222 1022 3262 inter
1041 3222 1091 3262 G.
1109 3224 1216 3265 Jens.

232 3386 236 3389 -
324 3361 398 3417 96.
427 3359 541 3417 apud
564 3359 708 3418 Virg.]
740 3360 903 3419 Georg.
938 3375 980 3413 1,
1011 3363 1086 3406 86.
1230 3378 1304 3419 99.
1337 3363 1438 3407 Item
1459 3364 1657 3420 Rutilius]
1682 3368 1903 3413 Habentur
1916 3370 1992 3415 ho-

262 3416 327 3478 sq.
1172 3434 1266 3464 rum
1293 3422 1544 3467 schematum
1577 3426 1744 3469 nomina
1771 3437 1812 3470 et
1847 3427 2000 3473 defini-

326 3490 398 3532 97.
423 3472 675 3518 Relationem
692 3472 792 3533 quid
806 3476 936 3536 accipi
954 3477 1084 3532 velit]
1172 3479 1307 3524 tiones
1354 3491 1480 3539 atque
1527 3482 1713 3544 exempla
1751 3501 1796 3544 p.
1839 3490 1865 3529 6
1902 3488 1993 3546 sqq.

267 3536 333 3577 De
370 3533 572 3577 Cicerone
610 3533 801 3591 loquitur
837 3544 878 3577 et
911 3535 1002 3578 loco
1038 3537 1090 3579 de
1174 3535 1290 3581 Pith.

267 3594 391 3638 Orat.
410 3607 451 3645 3,
470 3606 540 3646 54,
563 3593 680 3650 supra
701 3592 870 3636 laudato
891 3610 934 3650 9,
958 3610 995 3645 1,
1016 3609 1086 3648 35.
