2320 4030
612 242 894 293 INSTIT.
933 241 1272 293 ORATOR.
1309 243 1446 309 LIB.v
1478 243 1543 293 X.
1572 258 1618 304 3.
1895 252 1988 298 203

189 377 448 432 Ioofficio
485 388 658 434 erunt.
734 382 956 433 Summa
996 379 1116 432 haec
1158 379 1227 432 est
1263 378 1358 444 rei,
1389 395 1540 430 erro
1584 377 1855 432 scribendo
1880 397 1990 432 non

273 450 356 515 fit,
382 461 446 503 ut
482 452 618 504 bene
654 451 944 504 scribatur:
990 451 1126 503 bene
1162 450 1437 502 scribendo
1477 450 1555 514 fit,
1582 462 1645 502 ut
1681 450 1806 502 cito,
1883 449 1992 503 Sed

274 532 392 573 tum
432 522 680 587 maxime,
708 540 830 574 cum
866 521 1088 574 facultas
1126 520 1216 572 illa
1253 519 1562 591 contigerit,
1601 521 1904 583 refistaniuS,
1931 532 1994 573 ut

274 591 642 662 provideamus
662 593 698 657 f,
741 603 796 645 et
842 603 1329 644 FEROCIENTESS
1371 609 1538 662 equos
1573 589 1732 642 frenis
1775 590 1995 662 quibus-

275 663 397 715 dam
424 680 791 716 coerceamus·:
832 663 978 734 quod
1003 681 1110 714 non
1136 674 1242 714 tam
1270 680 1470 714 moram
1500 661 1676 726 faciet,
1704 680 1862 732 quam
1890 680 1991 713 no-

275 751 370 787 vos
395 733 627 803 impetus
652 733 818 786 dabit.
891 734 1013 786 Nec
1048 733 1191 785 enim
1228 733 1401 784 rursus
1441 750 1552 796 θος,
1579 732 1672 802 qui
1708 733 1869 784 robur
1892 733 1991 784 ali-

277 803 422 874 quod
446 804 500 855 in
526 803 636 856 stilo
660 804 900 868 fecerint,
926 802 992 856 ad
1018 803 1283 857 infelicem
1311 803 1669 855 calumniandi
1695 803 1746 855 se
1780 821 1992 874 poenam

194 883 252 921 11
277 874 573 946 alligandos
610 886 758 946 puto·
830 876 975 928 Nam
1013 875 1283 946 quomodo
1325 873 1554 926 sufficere
1592 874 1839 926 civilibus
1876 875 2021 926 offi--

278 945 376 998 ciis
422 945 591 1017 poffit,
641 946 731 1018 qui
790 945 1007 1018 singulis
1054 946 1325 998 actionum
1375 945 1610 1014 partibus
1661 945 1988 998 insenescat?

280 1017 420 1069 Sunt
441 1027 639 1081 autem,
664 1016 860 1088 quibus
895 1015 1029 1068 nihil
1064 1017 1124 1068 fit
1160 1015 1314 1081 satis;
1352 1016 1531 1067 omnia
1563 1026 1785 1080 mutare,
1810 1018 1995 1069 omnia

278 1088 432 1140 aliter
468 1088 661 1152 dicere,
687 1106 847 1159 quam
887 1086 1139 1152 occurrit,
1174 1085 1418 1139 velinth:
1458 1086 1713 1139 increduli
1749 1088 1991 1158 quidam,

278 1170 335 1211 et
358 1159 427 1211 de
463 1158 682 1229 ingenio
716 1159 1044 1230 suo-peffime
1069 1157 1264 1222 meriti,
1291 1157 1384 1228 qui
1424 1156 1754 1228 diligentiam
1782 1170 1992 1229 putant,

196 1240 261 1280 12
282 1228 451 1283 facere
473 1229 563 1281 fibi
590 1229 844 1282 scribendi
878 1229 1266 1292 difficultatem.
1339 1229 1457 1280 Nec
1492 1240 1762 1297 promtum
1800 1231 1871 1281 est
1905 1230 1992 1282 di-

279 1318 420 1366 cere,
461 1313 609 1352 utros
652 1318 869 1371 peccare
911 1299 1136 1356 validius
1185 1309 1388 1370 putem,
1434 1299 1631 1370 quibus
1681 1300 1860 1352 omnia
1906 1301 1995 1354 sua

278 1371 511 1443 placent,
536 1390 603 1424 an
636 1372 830 1442 quibus
856 1370 1010 1423 nihil.
1081 1370 1300 1426 Accidit
1325 1369 1494 1422 enimi
1521 1370 1678 1422 etiam
1710 1369 1994 1442 ingeniosis

278 1441 700 1496 adolescentibus
735 1442 1057 1522 frequenter,
1091 1454 1153 1494 ut
1187 1441 1371 1504 labore
1407 1441 1799 1505 consumantur,
1842 1453 1897 1494 et
1939 1443 1995 1495 in

280 1512 541 1574 silentium
566 1511 728 1584 usque
752 1512 1067 1566 delcendant
1091 1512 1255 1564 nimia
1276 1513 1413 1564 bene
1446 1512 1657 1564 dicendi
1682 1513 1993 1582 cupiditate.

282 1585 410 1638 Qua
429 1584 496 1637 de
519 1603 575 1636 re
612 1584 829 1636 memini
854 1583 1072 1636 narrasse
1097 1583 1231 1635 mihi
1253 1583 1459 1636 Julium
1489 1583 1792 1636 Secundum
1818 1584 1992 1649 illum,

280 1656 539 1727 aequalem
585 1674 786 1720 meum,
814 1666 974 1726 atque
1016 1673 1047 1707 a
1085 1673 1192 1718 me,
1221 1667 1284 1706 ut
1328 1665 1514 1707 notum
1559 1655 1646 1716 est,
1671 1654 1995 1710 familiariter

281 1737 538 1792 amatum,
586 1727 735 1779 mirae
783 1725 1045 1779 facundiae
1093 1726 1285 1790 virum,
1335 1725 1558 1778 infinitae
1609 1737 1784 1778 tamen
1835 1746 1993 1792 curae,

197 1807 260 1864 13
282 1798 446 1868 quid¹
473 1797 596 1850 effet
621 1798 712 1850 fibi
735 1816 767 1850 a
788 1808 973 1868 patruo
1000 1797 1090 1849 suo
1115 1797 1339 1849 dictum.
1385 1799 1437 1849 Is
1461 1796 1565 1849 fuit
1586 1796 1763 1850 Julius
1791 1797 1992 1864 FloruS,

282 1868 336 1920 in
384 1867 686 1940 eloquentia
724 1868 1014 1921 Galliarum
1059 1867 1330 1938 (quoniam
1368 1868 1444 1919 ibi
1493 1868 1712 1919 demum
1760 1870 1998 1923 exercuit

284 1957 399 1992 eam
424 1942 479 2008 ¹³¹)
520 1940 780 2010 princepe,
807 1938 1006 2010 alioqui
1041 1938 1177 1991 inter
1212 1957 1407 2010 paucos
1444 1938 1682 2001 disertu8‚
1710 1950 1764 1991 et
1800 1939 1998 2012 dignus

283 2010 375 2063 illa
398 2011 806 2082 propinquitate.
875 2011 927 2061 Is
953 2009 1429 2073 cumSecundum,
1456 2010 1645 2062 scholae
1670 2011 1846 2067 adhuc
1869 2030 1997 2083 ope-

284 2091 478 2147 ratum,
528 2082 722 2135 tristem
768 2080 904 2133 forte
964 2080 1184 2144 vidifl'et,
1235 2081 1596 2152 interrogavit,
1647 2101 1768 2151 quae
1831 2084 1998 2136 cauffa

198 2162 266 2215 14
287 2151 471 2207 frontis
509 2163 618 2205 tam
661 2151 987 2205 obdufitaen?
1037 2170 1136 2204 nec
1176 2151 1513 2204 diffimulavit
1549 2152 1865 2219 adolescens,
1889 2165 1997 2207 ter-

275 2222 420 2276 'tium
454 2223 570 2296 jam
609 2222 751 2276 diem
794 2222 913 2288 effe,
941 2227 1048 2275 ex⁰
1089 2241 1197 2293 quo
1242 2222 1388 2274 omni
1436 2221 1615 2275 labore
1656 2225 1890 2277 materiae
1930 2226 1998 2278 ad

280 2293 619 2348 scribendum
656 2293 921 2346 destinatae
962 2311 1070 2346 non
1109 2294 1368 2349 inveniret
1411 2294 1721 2345 exordium:
1762 2314 1871 2366 quo
1904 2297 1999 2350 fibi

286 2385 394 2419 non
417 2364 641 2437 praesens
665 2375 871 2418 tantum
899 2364 1067 2431 dolor,
1092 2364 1181 2419 sed
1216 2364 1380 2417 etiam
1417 2363 1700 2435 desperatio
1734 2366 1788 2418 in
1828 2367 1998 2438 poste-

286 2456 406 2491 rum
455 2436 620 2489 fieret.
691 2437 835 2488 Tum
874 2435 1060 2488 Florus
1103 2435 1355 2498 arridenS,
1394 2435 1529 2487 Num
1563 2436 1654 2488 uid
1689 2446 1763 2503 tu,
1803 2437 1998 2511 inquit,

201 2517 263 2574 15
290 2508 460 2560 melius
497 2508 654 2560 dicere
692 2508 794 2572 viS,
818 2526 966 2578 quam
1005 2516 1132 2578 potes
1153 2509 1183 2558 .‹⁹
1221 2509 1301 2559 lta
1334 2505 1384 2558 se
1419 2525 1502 2558 res
1578 2508 1716 2560 abet.
1792 2509 1997 2562 Curan-

288 2577 417 2631 dum
444 2580 532 2643 est,
558 2590 619 2631 ut
642 2595 802 2649 quam
827 2596 860 2630 o
900 2578 1031 2630 time
1063 2577 1302 2631 dicamus
1325 2597 1338 2630 ε
1378 2577 1666 2631 dicendum
1703 2589 1877 2632 tamen
1903 2600 2000 2653 pro

280 2649 556 2702 facultate.
631 2649 720 2702 Ad
758 2595 1088 2720 profitemini*
1125 2649 1270 2701 enim
1295 2666 1428 2719 opus
1453 2649 1525 2700 est
1559 2649 1747 2716 studio,
1775 2669 1880 2704 non
1915 2653 2001 2706 in-

254 2718 343 2786 „di
389 2721 617 2773 natione.
691 2721 771 2772 Ut
808 2719 1054 2790 pofiimus
1089 2730 1267 2784 autem
1301 2719 1523 2772 scribere
1558 2719 1714 2772 etiam
1758 2721 1925 2792 plura,
1946 2735 2003 2777 et

289 2810 350 2846 cc
373 2793 531 2858 eriuS,
559 2809 663 2843 non
691 2790 966 2844 exercitatio
990 2790 1154 2843 modo
1190 2789 1466 2861 praestabit,
1496 2789 1548 2841 in
1576 2809 1680 2862 qua
1704 2792 1808 2845 fine
1833 2793 2001 2848 dub-io

277 2861 524 2916 <multum
547 2864 638 2928 est,
664 2861 753 2914 sed
775 2861 937 2914 etiam
973 2860 1122 2925 ratio,
1146 2861 1178 2912 fi
1206 2879 1312 2913 non
1335 2860 1582 2932 resupini,
1606 2862 1999 2936 spectantesque

278 2934 515 2997 'tec‘tum,
539 2944 595 2986 et
629 2931 1009 3003 cogitationem
1047 2949 1318 2985 murmure
1351 2931 1634 3004 agitantes,
1670 2934 2000 3006 exspectave-

283 3004 496 3072 rimus,
516 3004 646 3077 quid
681 3002 948 3070 obveniat,
971 3002 1061 3058 sed
1083 3012 1105 3045 ‘¹
1142 3002 1273 3076 quid
1307 3021 1391 3057 res
1424 3002 1622 3077 poscat,
1659 3004 1790 3078 quid
1825 3009 1999 3078 perso-

345 3181 365 3208 '
390 3185 672 3235 prohibeamus
690 3182 741 3222 G.
761 3183 866 3222 Jens.
885 3192 922 3222 et
929 3183 1035 3236 plur.
1213 3188 1233 3214 ⁸
1262 3198 1331 3223 om.
1351 3164 1402 3224 G.
1423 3184 1627 3226 efferentes
1642 3185 1748 3226 Jens.
1768 3195 1803 3224 et
1813 3188 1918 3239 plur.
1937 3198 1998 3242 ap.

291 3238 424 3277 Burm.
454 3239 642 3288 Optimum
652 3245 744 3288 puto
761 3237 964 3278 efferentes
983 3239 1019 3275 se
1038 3249 1175 3287 equos·
1298 3237 1316 3267 h
1344 3238 1455 3277 velut
1471 3239 1576 3279 Jens.
1699 3245 1710 3264 ⁸
1739 3255 1807 3283 om.
1828 3243 1879 3282 G.
1892 3244 2000 3285 Jens.

292 3292 303 3316 ¹
335 3293 441 3342 quod
461 3294 514 3332 G.
619 3300 650 3319 m
680 3300 776 3330 eum
795 3291 847 3329 G.
955 3299 974 3320 ἢ
993 3291 1173 3330 adduaae
1192 3291 1244 3331 G.
1262 3291 1354 3332 abd.
1369 3293 1477 3333 Jenl'.
1585 3300 1606 3322 ⁰
1624 3307 1693 3331 om.
1713 3294 1766 3335 G.
1865 3301 1885 3330 Ρ
1901 3299 1998 3350 peff,

292 3345 345 3385 G.
366 3344 472 3385 male.
578 3353 600 3386 ‘l
628 3358 698 3385 om.
718 3344 770 3385 G.
787 3344 894 3385 Jens.

710 3496 781 3526 ιο,
811 3479 1085 3524 calumniandi
1096 3482 1168 3540 fi’]
1201 3481 1302 3526 Vid.
1327 3497 1398 3535 ιο,
1422 3499 1463 3536 r,
1488 3498 1533 3527 11
1545 3498 1588 3538 5.
