2320 4030
629 333 914 383 INSTIT.
948 332 1280 384 ORATOR.
1315 333 1452 384 LIB.
1485 332 1626 385 vm.
1663 352 1714 397 3.

1965 351 2023 397 23

223 479 290 534 29
313 466 532 522 Cimber
550 480 572 505 ὃ
611 468 700 522 bic
740 469 862 536 fuit,
888 488 920 522 a
956 488 1065 541 quo
1099 468 1312 523 fratrem
1338 479 1586 524 necatum
1613 470 1719 523 hoc
1744 470 2019 530 Ciceronis

311 537 457 592 disto
483 549 731 593 notatum
756 542 848 603 est,
881 540 1180 594 Germanum
1204 541 1398 593 Cimber
1412 541 1606 604 ,oc-cidit.

1698 541 1816 594 Nec
1841 542 2019 597 minus

308 620 442 662 noto
465 610 736 664 Sallustius
759 611 1142 683 epigrammate
1168 610 1449 678 inceffitur,

520 704 597 762 Et
620 708 776 761 verba
797 710 989 781 antiqui
1013 707 1218 762 multum
1233 709 1418 780 furate
1448 709 1645 763 Catonis

592 776 778 853 Crispe,
803 778 1128 852 AEcgurthinae
1151 780 1367 832 conditor
1389 781 1441 832 hi
1479 782 1616 834 oriae.
1646 843 1652 854 A

217 897 290 955 30
312 887 510 942 Odiosa
547 908 705 943 cura:
745 908 867 943 nam
912 890 1019 942 ‹2:stb
1058 889 1282 943 cuilibet
1316 889 1506 955 facilis,
1532 902 1587 943 et
1619 890 1722 943 h‘oc
1748 889 2017 961 peffimat,

307 959 455 1032 quod
473 961 493 992 ‘¹
532 961 642 1013 rei⁸
678 960 930 1028 studiosus
955 979 1060 1013 non
1087 961 1246 1014 verba
1268 962 1427 1014 rebus
1451 961 1671 1033 aptavit,
1697 961 1786 1014 sed
1810 972 1892 1013 res
1921 980 2015 1014 ex-

307 1030 561 1084 trinsecus
582 1023 1019 1102 arceffit‚‘quibu=s
1044 1031 1158 1083 haec
1179 1032 1333 1084 verba
1357 1032 1695 1085 conveniant.
1770 1031 2018 1102 Fingere,

308 1111 370 1155 ut
392 1100 564 1173 primo
587 1102 725 1154 libro
747 1102 876 1167 dixi,
901 1102 1101 1155 Graecis
1127 1102 1298 1174 magis
1322 1103 1616 1155 conceffum
1642 1104 1733 1167 est,
1762 1103 1855 1176 qui
1879 1103 2021 1156 sonis

308 1171 469 1229 etiam
511 1173 824 1244 quibusdam
864 1184 920 1225 et
954 1172 1227 1225 affe6tibus
1267 1191 1373 1226 non
1408 1173 1781 1226 dubitaverunt
1804 1173 2024 1226 nomina

309 1262 340 1296 a

340 1252 521 1313 ptare:
563 1262 668 1296 non
691 1244 796 1297 alia
817 1243 1077 1308 libertate,
1105 1256 1264 1314 quam
1292 1244 1435 1315 quaf
1470 1243 1549 1296 illi
1583 1243 1740 1315 primi
1778 1243 2023 1298 homines

214 1325 284 1379 31
310 1314 465 1366 rebus
489 1314 867 1395 appellationes
890 1314 1168 1367 dederuut.
1236 1314 1417 1367 Nostri
1440 1324 1641 1380 autem,
1667 1314 1721 1367 in
1737 1313 2023 1386 jungendo

309 1394 404 1436 aut
425 1383 710 1437 derivando
733 1384 973 1457 paullum
999 1384 1203 1456 aliquid
1227 1385 1351 1450 aufi,
1379 1385 1464 1437 vix
1499 1385 1555 1438 in
1591 1383 1696 1439 hoc
1731 1386 1854 1438 satis
1881 1386 2021 1438 reci-

310 1454 544 1526 piuntur.
618 1457 760 1509 Nam
802 1454 1023 1509 memini
1050 1454 1265 1528 juvenis
1290 1455 1580 1508 admodum
1611 1456 1748 1509 inter
1790 1458 2021 1527 Pompo-

311 1525 461 1578 nium
496 1535 552 1579 et
588 1526 845 1580 Senecam
884 1526 1043 1579 etiam
1070 1525 1465 1597 praefationibus
1491 1526 1590 1579 effe
1615 1526 1918 1591 tra&atum,
1954 1545 2023 1579 an

303 1597 499 1668 gradus
534 1596 774 1664 eliminat,
811 1597 950 1668 apud
967 1606 986 1638 g
1011 1596 1243 1650 Accium
1281 1597 1335 1649 in
1363 1597 1672 1669 Tragoedia,
1721 1597 1825 1650 dici
1862 1615 2023 1669 opor-

310 1667 501 1720 tuiffet.

575 1669 653 1720 At
691 1680 890 1721 veteres
919 1685 987 1720 ne
1011 1674 1286 1738 expedorat
1309 1668 1524 1740 quidem
1565 1668 1879 1721 timuerunt.

217 1749 292 1816 32
311 1736 430 1790 sane
463 1737 696 1809 ejusdem
728 1749 870 1791 notae
894 1739 983 1804 est,
1009 1739 1274 1791 exanimat.

1354 1739 1427 1791 At
1461 1739 1515 1791 in
1540 1739 1749 1792 tra&uh
1776 1749 1832 1791 et
1853 1669 2026 1791 decii-t·

313 1808 527 1866 natione
557 1808 684 1863 talia
719 1808 856 1877 sunt,
877 1808 1060 1880 qualia
1083 1809 1220 1881 apud
1249 1809 1567 1864 Ciceronem
1595 1809 1803 1862 beatitas
1826 1820 1882 1863 et
1906 1809 2024 1863 bea·

364 1995 383 2017 ⁸
413 1991 564 2030 Cimbri
584 1992 636 2031 G.

744 1991 767 2024 b
794 1997 834 2031 'et
853 1990 903 2031 G.
919 1996 1028 2041 reae,
1044 2001 1149 2044 puto.

309 2048 333 2084 9
361 2045 446 2099 Vid.
467 2045 538 2102 [τε.
556 2046 656 2097 ejus.

763 2043 782 2072 f
806 2060 875 2087 om.
897 2046 947 2087 G.
963 2046 1071 2090 Jens·

309 2211 424 2254 tione
449 2225 614 2254 enecare
642 2212 875 2254 auditorem
920 2226 1050 2269 neque
1074 2227 1126 2254 o-

310 2283 391 2327 pus
418 2268 534 2312 fuiss‘e
562 2270 644 2312 alio
672 2283 823 2312 veneno
855 2269 907 2311 ad
941 2269 1124 2320 fratrem,

307 2341 435 2384 quem
453 2325 714 2378 interfecerit,
745 2326 968 2370 tollendum
999 2342 1021 2370 e
1040 2341 1126 2370 me-

307 2385 399 2427 dio.
466 2387 629 2428 Venena
672 2395 793 2428 vocat
829 2385 960 2428 malos
1007 2385 1127 2428 verli-⁴

310 2441 429 2485 culos
467 2443 663 2485 Catullus
693 2457 732 2485 c.
759 2454 827 2495 14,
857 2440 900 2486 et
929 2457 969 2484 c.
991 2458 1047 2494 42
1079 2458 1126 2485 o-

312 2501 509 2543 rationem
521 2500 686 2557 plenam
702 2500 857 2543 veneni
881 2507 922 2542 et
943 2501 1126 2568 pfstilen-

303 2557 398 2603 ‹ti-ce.
431 2558 572 2600 Unum
601 2558 833 2612 adjicimus,
853 2571 1016 2616 egregle
1044 2559 1124 2601 huc

300 2616 555 2658 advocatum
594 2630 619 2658 a
658 2616 899 2658 Burmanno
943 2616 1128 2659 Suetonii

309 2672 450 2720 locum
474 2674 597 2732 Aug.
623 2676 695 2724 86,
725 2674 799 2715 ubi
827 2674 881 2715 ab
911 2674 998 2731 ipso
1025 2675 1126 2717 Au-

310 2731 445 2787 guste,
461 2731 685 2774 Tiberium
706 2731 823 2776 suum
843 2740 1046 2781 monente,
1063 2732 1125 2773 in-

313 2798 374 2830 ter
402 2788 530 2831 malos
559 2788 751 2846 loquendi
780 2788 967 2831 auetores
989 2789 1126 2845 (quae-

307 2860 474 2903 euinque
491 2846 542 2888 de
570 2847 729 2903 reliquo
753 2845 799 2888 fit
828 2845 939 2888 illius
958 2846 1037 2888 loci
1063 2845 1128 2889 vel

310 2904 512 2962 §iti-iptura
552 2905 685 2947 verior
725 2903 788 2946 vel
826 2904 1125 2962 interpretatio)

310 2961 474 3005 Cimber
489 2960 679 3004 refertur.
848 2960 851 2963 ’

373 3034 444 3075 29.
476 3018 676 3062 Ciceronis
694 3018 819 3073 dieto]
854 3018 1130 3062 Acerbiffimo

314 3077 389 3123 ’5110
414 3076 523 3120 Phil.
549 3093 618 3128 ιι,
639 3080 683 3127 6,
704 3077 745 3119 in
774 3077 935 3119 recensu
953 3076 1130 3134 ⁴satyrico

311 3135 517 3178 exercitus
543 3135 791 3185 Antoniani,
810 3135 965 3177 Lumen
989 3141 1031 3176 et
1060 3134 1132 3175 de-

232 3243 236 3246 ,
315 3206 386 3235 tus
400 3191 509 3248 illius
524 3191 726 3235 exercitus
735 3199 839 3248 pene
851 3190 1054 3248 preterii,
1074 3189 1128 3233 ‘T-

318 3250 494 3293 Annium
533 3249 754 3299 Cimbrum,
789 3248 952 3307 Lystdici
976 3248 1130 3304 filium,

319 3306 539 3361 Lffldicunt
545 3306 671 3365 ipsum
685 3307 848 3362 [Graeco
865 3306 1018 3359 verbo]
1038 3320 1134 3363 quo-

319 3357 433 3407 n‘iam
452 3364 586 3406 omnia
592 3364 701 3420 jura
720 3363 918 3421 diffialvit.»
941 3362 1136 3419 nififorte

314 3424 406 3478 jure
425 3424 596 3463 Cimber
616 3422 872 3463 Germanum
891 3421 1059 3463 occidit.

383 3495 453 3533 29.
477 3478 704 3536 Salsustins]
726 3478 909 3521 Accusat
926 3477 1040 3521 illum
1057 3478 1134 3520 hoc

320 3538 485 3583 nornine
522 3537 740 3595 Augustus
778 3537 917 3579 eadem
955 3535 1134 3596 epistola,

1255 1997 1273 2016 ⁶
1307 1990 1516 2042 pefli'mum
1538 1991 1589 2030 G.
1607 1991 1712 2030 Jens.
1821 1989 1840 2019 ἃ
1860 1990 1954 2040 quia
1974 1991 2027 2031 G.

1176 2050 1195 2077 ⁸
1214 2057 1281 2097 ap.
1300 2049 1404 2087 Acc.
1418 2059 1486 2084 om.
1501 2044 1568 2084 fid.
1624 2061 1628 2074 1
1677 2045 1698 2070 ¹²
1730 2043 1852 2086 &aaa
1866 2044 1973 2084 Jens.
1995 2086 2004 2092 ,k

1207 2225 1293 2268 qua
1311 2210 1536 2254 Cimbrum
1568 2210 1622 2253 ab
1645 2226 1693 2252 eo
1711 2219 1898 2253 notatum
1916 2210 2026 2253 dixi·

1206 2283 1316 2319 mus,
1333 2269 1442 2325 apud
1465 2271 1631 2310 Sueton.
1646 2282 1738 2325 cap.
1757 2272 1828 2310 86.
1854 2269 1908 2310 Ut
1919 2283 2025 2311 ver-

1206 2324 1282 2377 bis,
1303 2340 1394 2382 quae
1415 2326 1575 2385 Crispus
1597 2325 1808 2383 Sallustius
1833 2325 2027 2382 excerpsit

1206 2396 1261 2426 ex
1281 2383 1518 2441 Originibus
1538 2383 1717 2433 Catonis,
1735 2382 1886 2426 utaris.

1271 2455 1340 2493 30.
1371 2441 1511 2484 verba
1539 2441 1661 2483 rebus
1696 2441 1892 2497 aptavit]
1938 2443 1979 2484 N
1985 2443 2026 2485 ist

1206 2497 1380 2556 aptavit
1396 2499 1538 2553 &opit-mc
1566 2499 1722 2541 Graeco
1751 2512 1861 2542 more
1889 2498 2028 2542 suma-

1206 2566 1292 2606 tur,
1341 2555 1424 2598 uod
1443 2554 1646 2599 familiare
1664 2556 1885 2614 praesertim
1907 2558 2026 2600 Sene-

1209 2627 1293 2667 cae3
1344 2613 1546 2671 egendum
1581 2614 1745 2656 videtur
1781 2621 1924 2670 aptat3
1967 2615 2026 2658 se-

1207 2672 1355 2728 quitur
1400 2671 1507 2713 enim
1553 2672 1720 2725 arceffit,
1762 2671 2028 2724 conveniant,

1209 2743 1304 2786 quae
1323 2741 1470 2786 parum
1490 2727 1726 2828 respondent
1744 2732 1968 2786 ptaeterito.

1273 2800 1343 2839 30.
1378 2785 1510 2842 primo
1560 2786 1668 2840 ibro]
1724 2803 1763 2837 1,
1799 2801 1841 2842 5,
1877 2803 1926 2840 7¹
1963 2788 2024 2846 sq,

1210 2843 1332 2887 Add.
1356 2848 1399 2895 8,
1421 2847 1463 2894 6,
1483 2858 1553 2896 31.

1271 2917 1318 2956 31
1331 2931 1343 2944 .
1367 2901 1529 2957 gradus
1559 2899 1764 2955 eliminat]
1815 2903 1945 2946 Extra
1973 2903 2030 2946 li..

1208 2962 1302 3001 men
1322 2957 1492 3017 profert,
1513 2959 1638 3001 domo
1655 2960 1880 3017 egreditur.
1930 2963 2028 3004 Non

1210 3018 1279 3066 est,
1302 3026 1348 3058 ut
1383 3016 1663 3059 adscribamus
1691 3018 1789 3068 huc,
1810 3032 1905 3075 quae
1933 3033 2029 3063 cum

1211 3075 1386 3117 maxime
1405 3075 1447 3117 in
1468 3073 1684 3117 Thesauro
1701 3077 1758 3118 L.
1779 3077 1834 3119 L.
1858 3077 2031 3137 Stepha-

1210 3133 1334 3175 niano
1350 3131 1635 3175 retraeiamus.

1272 3205 1343 3242 32.
1372 3191 1512 3232 trama
1536 3197 1581 3232 et
1603 3189 1772 3244 dulim]
1825 3192 1886 3235 Ut
1903 3193 2031 3236 nimi·-

1215 3261 1307 3289 rum
1343 3260 1484 3288 nomen
1519 3247 1585 3290 vel
1615 3253 1824 3303 cognomen
1861 3251 2028 3294 trahere

1215 3303 1374 3361 aliquid
1403 3305 1455 3346 ab
1485 3303 1613 3348 altero
1645 3306 1817 3349 dicitur.
1850 3305 2032 3351 ‘Trada-

1213 3360 1358 3404 tionem
1393 3371 1512 3404 vocat
1550 3363 1645 3406 Cic.
1675 3363 1828 3407 Partit.
1860 3380 1952 3423 cap.
1989 3382 2030 3423 5,

1215 3419 1290 3461 ubi
1321 3422 1530 3477 ponuritur
1550 3421 1674 3463 verba
1691 3421 1746 3463 ab
1772 3430 1932 3466 oratore
1949 3422 2032 3466 mo'·

1215 3476 1401 3533 dificara,
1420 3485 1460 3520 et
1478 3477 1633 3533 inflexa
1653 3480 1951 3535 quodammodo.

1254 3578 1351 3676 64
