2320 4030
395 278 466 340 46
804 277 879 326 M.
914 275 1117 325 FABH
1153 261 1734 324 QUIN‘CTILIANI

398 411 659 484 quidquid
698 429 791 483 pro
817 411 986 466 caussa
1013 411 1238 475 videtur,
1263 409 1403 480 quasi
1448 409 1806 462 indubitatum
1830 408 2135 480 pronunti-⁴

398 486 512 551 aut)
543 494 618 548 et,
646 501 714 540 ne
730 482 904 556 pastina
928 492 984 535 et
1007 502 1039 533 a
1064 501 1262 552 quocum
1299 501 1356 531 ue
1385 479 1628 536 dicantur
1646 494 1686 532 ².
1761 479 1944 550 Magis
1969 480 2115 532 enim
2136 473 2169 526 8

398 554 594 609 decent
626 572 738 617 eoa,
777 544 830 606 in
857 554 1054 624 quibus
1079 552 1150 603 est
1185 569 1252 603 au
1310 551 1489 616 orium,
1513 562 1575 603 ut
1602 551 1678 603 rei
1709 550 1918 620 pondus
1951 550 2116 603 etiam

395 625 614 695 persona
645 624 947 677 ‘confirmet-
1021 622 1159 676 Quis
1199 621 1341 674 enim
1376 621 1508 674 ferat
1538 640 1759 692 puerum
1784 632 1876 674 aut
1914 621 2119 675 adoles-

397 694 695 759 centulum,
720 706 813 748 aut
851 694 1010 747 etiam
1055 691 1369 764 ignobilem,
1397 693 1428 744 fi
1454 692 1667 763 judicet
1699 693 1754 744 in
1786 689 2036 758 dicendo,
2060 701 2118 744 et

397 765 796 839 quodammodo
833 763 1139 835 praecipiat?
1206 763 1533 834 Entlgymema
1575 782 1791 835 quoque
1825 765 1898 816 est
1933 780 2115 830 omne,
2172 774 2206 827 9

436 837 544 891 uod
569 847 749 890 mente
787 834 1152 906 concipimus:
1192 835 1402 906 proprie
1435 845 1614 887 tamen
1650 834 1867 900 dicitur,
1892 853 2014 906 quae
2045 837 2119 889 est
2183 872 2196 880 «

421 908 657 963 ententia
692 925 758 960 ex
794 904 1084 970 contrari-is,
1110 916 1384 976 propterea
1406 904 1552 976 quod
1593 906 1828 958 eminere
1863 906 2002 959 inter
2022 923 2115 959 cef-

398 991 537 1033 teras
561 977 790 1042 videtur,
814 988 877 1031 ut
902 978 1174 1030 Homerus
1189 986 1354 1046 poeta,
1379 978 1492 1028 urbs
1526 978 1716 1030 Roma.
1788 977 1877 1030 De
1918 976 2027 1031 hoc
2059 976 2116 1030 in
2131 985 2210 1022 210

400 1049 728 1120 argumentis
760 1049 880 1100 satis
913 1047 1117 1100 dietum
1153 1048 1246 1099 est.
1318 1048 1444 1100 Non
1470 1047 1670 1119 semper
1693 1056 1872 1100 autem
1898 1047 1968 1100 ad
1991 1065 2119 1120 pro-

400 1120 675 1173 bationem
712 1119 1013 1182 adhibetur,
1051 1118 1138 1171 sed
1172 1117 1456 1190 aliquando
1492 1117 1562 1171 ad
1601 1129 1868 1184 ornatum,
1904 1119 2136 1173 Quorum*

401 1191 562 1262 igitur
602 1191 888 1262 impunitas,
930 1190 1121 1261 C'aesar,
1158 1199 1262 1242 tuae
1300 1189 1568 1243 clementia,
1606 1189 1717 1243 laus
1755 1188 1838 1260 ςΙῖ,
1875 1209 2037 1243 eorum
2074 1201 2128 1243 te

400 1262 420 1314 i
435 1263 609 1334 sorum
633 1264 706 1315 ad
726 1261 1060 1315 crudelitatem
1083 1271 1223 1314 acuet
1243 1260 1397 1314 oratio
1412 1264 1443 1313 ,ἓ
1468 1262 1617 1324 Non,
1635 1260 1760 1332 quia
1780 1259 1841 1313 fit
1862 1261 1998 1314 ratio
2013 1259 2120 1314 dis-

419 1333 604 1398 milis,
631 1333 738 1398 sed,
763 1332 1013 1404 quiajam
1048 1350 1139 1402 per
1169 1332 1292 1397 alia,
1318 1342 1381 1384 ut
1418 1331 1474 1384 id
1497 1331 1695 1403 justum
1721 1341 2014 1404 appareret,
2038 1331 2121 1385 ef·
2182 1387 2195 1394 „

403 1404 602 1458 feetum
630 1415 760 1457 erat.
812 1406 883 1456 Et
906 1403 1088 1456 addita
1109 1403 1163 1455 in
1181 1402 1412 1456 clausula
1427 1403 1499 1456 est
1515 1402 1940 1474 epiphonematis
1960 1402 2124 1456 modo
2147 1411 2208 1448 ΙΙ

404 1494 512 1528 non
558 1486 667 1528 tam
710 1475 973 1544 probatiO,
1011 1491 1173 1544 quam
1215 1485 1456 1527 extrema
1494 1475 1634 1546 quasi
1673 1473 1962 1529 insultatio.
2035 1475 2127 1528 Est

404 1547 548 1628 enim
592 1546 941 1618 epiphonema
977 1547 1054 1599 rei
1093 1555 1315 1599 narratae
1339 1545 1426 1600 vel
1459 1546 1699 1618 probatae
1722 1545 1928 1601 summa
1947 1545 2126 1601 acela-

406 1628 594 1684 matio,
1138 1639 1141 1647 1

624 1728 805 1782 Tantae
828 1728 965 1782 molis
991 1737 1099 1781 erat
1125 1728 1397 1781 Romanam
1421 1728 1620 1804 condere
1636 1723 1832 1806 gentem
1849 1749 1868 1782 .·

408 1843 588 1897 Facere
613 1844 738 1898 enim
757 1845 940 1916 probus
961 1843 1234 1914 adolescens
1254 1835 1529 1914 periculost,
1551 1864 1700 1915 qnam
1718 1844 1904 1917 perpeti
1920 1844 2131 1918 turpiter

408 1915 605 1968 maluit.
678 1917 766 1967 Est
804 1926 876 1981 et,
904 1915 1048 1986 quod
1090 1913 1382 1986 appellatur
1414 1934 1446 1968 a
1480 1915 1631 1967 novis
1667 1915 1835 1986 νόημα,
1859 1920 2220 1988 qua-vooelz

407 1987 585 2039 omnis
602 1986 902 2039 intellectus
921 1985 1088 2057 accipi
1106 1985 1272 2058 potest
1281 2006 1297 2051 3
1317 1985 1405 2040 sed
1420 1986 1524 2039 hoo
1539 1985 1756 2040 nomine
1770 1986 2032 2047 donarunt
2047 2007 2128 2055 ea,

410 2077 532 2128 quae
559 2076 663 2110 non
687 2057 876 2109 dicunt
890 2060 936 2122 b,
957 2076 1137 2110 verum
1164 2056 1393 2129 intelligi
1415 2057 1620 2123 volunt,
1640 2067 1702 2110 ut
1723 2057 1777 2109 in
1803 2077 1949 2124 eum,
1968 2077 2132 2131 quem

408 2128 598 2200 saepius
639 2148 670 2181 a
706 2129 835 2181 ludo
872 2128 1167 2181 redemerat
1196 2128 1355 2193 soror,
1382 2148 1410 2181 a
1453 2139 1634 2181 entem
1667 2147 1790 2182 cum
1816 2147 1879 2183 ea
1901 2129 2134 2197 talionis,

409 2199 555 2270 quod
581 2200 632 2253 ei
658 2200 908 2270 pollicem
933 2198 1222 2252 dormienti
1243 2149 1523 2266 recidiffess
1551 2201 1690 2253 Eras
1715 2200 1920 2272 digmcs,
1945 2212 2003 2254 ut
2035 2202 2135 2255 ba-

410 2270 540 2322 beres
566 2271 813 2343 integram
836 2291 1055 2323 manum.
1132 2270 1219 2323 Sic
1245 2271 1388 2323 enim
1418 2271 1634 2324 auditur
1651 2283 1691 2336 ε,
1714 2282 1771 2324 ut
1799 2274 2139 2346 depugnarem·

407 2341 652 2395 Vocatur
686 2341 886 2412 aliquid
905 2343 926 2374 ‘³
951 2353 1007 2394 et
1044 2340 1268 2414 clausula
1291 2363 1307 2394 .-
1347 2361 1467 2414 quae
1487 2352 1528 2406 θ,
1568 2343 1600 2394 fi
1639 2341 1731 2406 est,
1758 2343 1906 2414 quod
1937 2344 2131 2397 conclu-4
2160 2361 2218 2416 13

394 2412 587 2483 sionem
611 2412 859 2477 dicimus³
886 2423 941 2465 et
964 2413 1125 2478 recte,
1152 2423 1208 2464 et
1235 2411 1548 2483 quibusdam
1576 2413 1630 2465 in
1672 2414 1910 2486 partibus
1949 2415 2131 2468 neces·

412 2483 543 2535 saria
583 2485 684 2535 est:
731 2483 900 2554 Quare
927 2484 1069 2555 prius
1100 2484 1317 2555 (ἵε-[αἰῶ
1351 2483 1530 2555 ‘vestro‘
1548 2484 1828 2555 fateamini
1850 2486 2027 2558 necqffh
2050 2485 2134 2558 est,

413 2572 563 2625 quam
586 2555 790 2626 Ligarii
814 2555 1009 2624 culpam
1032 2554 1222 2607 ullamg
1247 2555 1628 2628 reprehendatis.
1704 2556 1808 2612 Sed
1833 2575 1976 2610 nuuc
1998 2556 2136 2619 illud
2182 2588 2187 2592 ·

413 2626 623 2691 volunt,
662 2636 725 2678 ut
758 2626 932 2677 omnis
970 2625 1120 2679 locus
1141 2625 1182 2692 ¹²,
1224 2625 1400 2679 omnis
1433 2625 1608 2680 sensus
1640 2626 1697 2680 in
1728 2627 1840 2700 ‚fine
1879 2626 2137 2686 sermonis
2187 2635 2191 2638 ’

466 2825 488 2850 ⁸
513 2821 835 2861 dicatur—decet
853 2821 903 2860 G,
925 2823 1031 2861 Jens.
1152 2821 1172 2852 b
1202 2824 1393 2862 dicuntur
1411 2823 1463 2864 G.
1573 2827 1590 2848 ‘³
1621 2824 1672 2862 ad
1690 2823 1862 2875 digitum
1879 2825 1968 2877 conj.
1989 2824 2136 2865 Ramir.

417 2875 499 2915 vid.
522 2890 578 2914 no.
598 2876 692 2928 adst
714 2888 777 2917 20.
889 2876 907 2900 ‘²
940 2878 1048 2914 Forte
1067 2875 1137 2926 leg.
1159 2877 1388 2927 aliquando.
1499 2881 1516 2902 θ
1547 2877 1658 2929 quasi
1674 2878 1782 2918 Jens.
1889 2877 1907 2905 f
1933 2880 2065 2919 nostro
2082 2879 2136 2919 id.

417 2934 436 2959 ὅ
470 2928 584 2969 illam
604 2930 657 2970 G.
765 2927 784 2958 ¹¹
813 2929 927 2969 locus
947 2931 1093 2974 omnis,
1113 2945 1182 2970 om.
1204 2932 1255 2971 G.
1638 2956 1640 2959 -

476 3095 520 3134 9.
540 3076 653 3136 satis
669 3076 819 3120 diarum
837 3077 908 3142 ψ]
946 3078 1079 3135 Supra
1101 3093 1143 3131 5,
1162 3093 1233 3120 ιο.
1319 3080 1480 3137 equites
1529 3080 1726 3132 Romani,
1775 3081 1879 3139 quin
1936 3077 2136 3129 stuatores

481 3150 550 3178 10.
583 3138 766 3192 Qorum
797 3134 924 3190 igztur
951 3134 1130 3192 impun.]
1170 3138 1238 3179 Ex
1318 3139 1460 3187 etiam,
1488 3138 1599 3194 quod
1631 3139 1786 3194 idoneis
1817 3137 2140 3194 auetoritatibu-

413 3193 639 3253 Ligariana
655 3208 692 3234 c.
704 3207 749 3244 4.
777 3193 900 3249 Quod
913 3193 1112 3250 sequitur,
1124 3191 1237 3236 ‘Tan-
1317 3195 1563 3238 demonstrat
1581 3196 1697 3254 Lips.
1721 3198 1887 3247 Satumg.
1905 3212 2008 3251 2³:3⁶
2025 3199 2078 3245 it.
2092 3213 2136 3253 5.

415 3260 471 3293 tae
501 3250 628 3300 molis,
662 3250 716 3292 est
744 3253 866 3307 Vix-g.
902 3252 1011 3294 AEn.
1039 3268 1080 3301 1,
1106 3266 1174 3305 33.
1197 3261 1238 3294 et
1319 3251 1396 3295 Pia
1416 3254 1547 3310 igitur
1565 3254 1674 3296 soror
1692 3268 1815 3311 quem
1835 3256 2010 3313 pecunia
2029 3255 2094 3299 bis
2113 3271 2139 3298 a

418 3309 538 3358 illud,
561 3308 710 3350 Facere
728 3307 849 3358 enim,
866 3323 939 3364 pro
962 3309 1114 3351 Milon.
1138 3324 1176 3351 c.
1189 3324 1234 3360 4.
1320 3311 1577 3369 turpitudine
1596 3322 1634 3354 et
1647 3313 1832 3369 periculo
1846 3313 2036 3364 servarat,
2048 3322 2139 3356 tan-

429 3404 434 3423 :
485 3382 553 3408 η.
591 3380 620 3406 a
654 3365 743 3407 ludo
778 3365 1027 3419 redemerat]
1079 3367 1162 3409 Cui
1202 3368 1240 3409 se
1321 3367 1429 3418 dem,
1449 3383 1498 3410 ne
1519 3371 1741 3427 recipiatur
1758 3372 1801 3413 in
1819 3370 2036 3429 posterum,
2051 3371 2141 3430 pol-

418 3420 702 3478 auam-abant,
725 3437 763 3464 rc
787 3423 854 3464 sua
874 3424 1044 3475 ccmesa,
1075 3438 1156 3467 non
1178 3426 1238 3466 in·
1322 3425 1398 3472 lice
1419 3427 1602 3470 mutilat.
1668 3427 1767 3471 vid.
1789 3430 1842 3471 ad
1858 3427 1886 3470 s.
1911 3442 1984 3476 ao.

419 3481 509 3524 fimi
557 3481 679 3523 modo
726 3482 885 3538 generis
926 3482 1126 3533 homines,
1176 3483 1239 3526 sed
