2320 4030
573 295 859 348 ΙΝεΤῙΤ.
895 294 1239 346 ORATOR.
1273 294 1413 345 Lm.
1449 293 1588 343 vm.
1611 291 1661 344 6.
1914 303 1973 357 μ

251 431 502 505 quoddam
531 430 790 504 monstrum
816 453 875 488 ex
909 442 1071 486 vetere
1103 431 1197 485 illa
1225 430 1548 496 immanitate,
1575 450 1691 503 quae
1724 429 1777 482 in
1810 427 1983 501 iffdm

249 504 447 577 versata
473 505 590 557 locis
613 505 815 558 dicitur.
889 504 1005 557 Non
1028 505 1153 556 enim
1182 503 1468 573 Charybdin
1493 513 1595 555 tam
1627 500 1849 573 infestam
1884 519 1974 552 ne-

247 593 342 645 que
366 575 583 648 Scyllam
605 575 842 640 navibuS,
900 595 1015 628 uam
1050 574 1187 645 {stum
1211 575 1266 627 in
1300 575 1459 626 eodem
1480 573 1622 645 freto
1645 572 1808 644 suffe
1830 570 1971 624 arbi-

165 654 230 714 73
249 654 372 701 tror.
443 647 567 700 Nec
591 646 842 719 pauciora
863 596 984 699 {unt
1007 663 1207 718 genera
1229 643 1531 699 minuendi.

631 744 688 799 V
681 745 736 799 ix
759 744 931 818 offibus
957 746 1167 800 baerent.

165 868 168 869 ’
245 856 319 911 Et
337 855 486 928 quod
509 855 701 909 Cicero
725 855 780 908 in
802 855 1039 928 quodam
1062 854 1290 928 joculari
1312 854 1517 923 libello,

319 952 552 1007 Fundam
579 951 739 1008 Varro
754 955 778 987 b
803 965 967 1020 vocat,
995 974 1135 1026 quem
1151 953 1321 1026 poffim
1346 955 1538 1008 mittere
1551 953 1733 1024 sunda
1751 974 1770 1006 ,²
1803 961 1808 963 ’

298 1048 306 1054 ·
391 1025 468 1078 Ni
491 1034 653 1078 tamen
677 1025 928 1092 exciderit,
956 1047 1055 1098 qua
1074 1034 1092 1057 ⁶
1120 1046 1251 1079 cava
1257 1025 1438 1097 funda
1455 1036 1617 1099 patet.

251 1135 359 1191 Sed
381 1137 542 1210 hujus
561 1140 582 1170 ὃ
608 1156 825 1209 quoque
849 1137 923 1190 rei
949 1137 1182 1190 servetur
1204 1138 1446 1190 mensura
1466 1137 1732 1208 quaedam.
1760 1137 1969 1191 Quam-

248 1208 330 1261 vis
354 1207 497 1262 enim
524 1209 594 1262 est
629 1209 803 1261 omnis
828 1208 1082 1280 lyperbole
1106 1208 1243 1261 ultra
1278 1208 1469 1260 fidem:
1512 1227 1615 1262 non
1655 1219 1832 1261 tamen
1871 1207 1971 1259 effe

249 1279 412 1333 debet
433 1279 576 1333 ultra
598 1280 819 1333 modum
842 1300 856 1331 :
897 1297 994 1331 nec
1019 1279 1121 1331 alia
1145 1279 1228 1331 via
1250 1279 1422 1352 tnagis
1451 1280 1505 1332 in
1529 1279 1816 1346 κακοξηλίαν
1841 1278 1969 1330 itur.

166 1366 236 1423 74
251 1349 408 1424 Piget
432 1350 624 1404 referre
648 1351 881 1422 plurima
916 1351 1043 1403 hinc
1067 1360 1183 1403 orta
1206 1351 1354 1416 vitia,
1384 1369 1505 1404 cum
1544 1349 1828 1421 praesertim
1864 1349 1972 1400 mi-

249 1422 395 1475 nime
434 1421 533 1475 fint
570 1422 760 1494 ignota
799 1433 854 1475 et
890 1422 1127 1474 obscura.
1201 1423 1427 1475 Monere
1465 1423 1589 1475 satis
1633 1421 1723 1486 est,
1757 1420 1972 1486 mentiri

247 1493 557 1566 hyperbolen,
585 1511 684 1546 nec
709 1493 803 1560 ita,
829 1503 891 1546 ut
914 1492 1195 1546 mendacio
1219 1493 1402 1546 fallere
1427 1493 1572 1546 velit.
1647 1492 1775 1546 Quo
1799 1490 1974 1563 magis

247 1563 567 1618 intuendum
614 1565 706 1630 est,
748 1564 1021 1636 quousque
1065 1564 1252 1617 deceat
1295 1564 1568 1629 extollere,
1618 1561 1765 1634 quod
1814 1562 1973 1616 nobis

247 1651 357 1689 non
383 1635 634 1689 creditur.
710 1636 952 1689 Pervenit
989 1636 1106 1688 haec
1143 1653 1225 1688 res
1249 1635 1662 1707 frequentiffime
1686 1632 1753 1686 ad
1776 1633 1968 1686 risum:

249 1705 346 1780 qui
369 1706 404 1759 fi
427 1718 582 1779 aptus
605 1707 696 1772 est,
720 1707 1044 1772 urbanitatis,
1073 1707 1143 1758 fin
1168 1706 1339 1772 aliter,
1354 1706 1594 1779 stultitiae
1618 1723 1813 1758 nomen
1843 1704 1971 1757 affe-

167 1791 195 1850 7
198 1794 233 1851 5
251 1778 454 1851 quitur.
526 1779 613 1830 Est
638 1787 818 1832 autem
852 1777 907 1830 in
943 1777 1059 1844 usu,
1086 1776 1250 1850 vulgo
1286 1796 1501 1850 quoque
1527 1789 1583 1830 et
1617 1777 1758 1830 inter
1793 1775 1974 1829 erudi-

249 1860 335 1903 tos
354 1859 394 1915 θ,
419 1858 477 1902 et
499 1849 641 1921 apud
670 1850 906 1914 rusticOS,
933 1849 1179 1902 videlicet
1203 1849 1349 1920 quod
1373 1867 1404 1900 a
1420 1854 1436 1884 f
1467 1859 1654 1902 natura
1688 1848 1760 1900 est
1797 1847 1974 1901 omni-

247 1922 354 1974 bus
377 1921 596 1994 augendi
619 1941 696 1973 res
719 1921 806 1973 vel
831 1921 1081 1973 minuendi
1104 1920 1363 1991 cupiditas
1387 1920 1555 1986 insita,
1575 1937 1672 1972 nec
1697 1917 1978 1990 quisquam

250 2010 376 2046 vero
401 2003 686 2046 contentus
712 1992 802 2046 est:
877 1991 983 2044 Sed
1007 1992 1314 2063 ignoscitur,
1342 1993 1467 2062 quia
1491 2009 1594 2044 non
1635 1990 1974 2043 affirmamus·

165 2066 238 2135 76
251 2064 398 2118 Tum
423 2064 495 2117 est
518 2062 773 2135 hyperbole
799 2063 982 2128 virtuS,
1010 2082 1134 2115 cum
1161 2081 1243 2115 res
1268 2063 1393 2134 ipsa,
1421 2063 1488 2115 de
1513 2081 1619 2134 qua
1645 2061 1976 2133 loquendum

252 2135 343 2200 est,
369 2135 667 2189 naturalem
691 2134 914 2188 modum
941 2134 1167 2187 exceflit.
1227 2133 1555 2186 Conceditur
1577 2133 1721 2186 enim
1749 2131 1977 2203 amplius

250 2205 448 2272 dicere,
499 2205 624 2278 quia
671 2205 800 2272 dici,
840 2217 1099 2276 quantum
1143 2204 1233 2271 est,
1277 2224 1386 2257 non
1424 2205 1588 2277 potest
1611 2227 1624 2256 :
1682 2203 1977 2274 meliusque

251 2277 410 2343 ultra,
450 2295 612 2351 quam
651 2277 803 2341 citra,
832 2278 927 2329 stat
967 2276 1157 2330 oratic.
1231 2277 1340 2329 Sed
1380 2276 1448 2329 de
1486 2276 1592 2329 hoc
1614 2283 1636 2316 ⁸
1681 2274 1822 2340 satiS,
1849 2275 1977 2347 quia

251 2348 500 2402 eumdem
523 2348 710 2413 ‚locum
736 2348 945 2419 plenius
980 2348 1035 2399 in
1073 2366 1139 2400 eo
1178 2347 1338 2413 libro,
1364 2365 1474 2419 quo
1510 2346 1698 2418 cazffzs
1734 2355 1979 2419 corruptae

249 2419 544 2495 eloquentiae
565 2419 935 2486 reddebamuS,
961 2419 1321 2473 traciavimuS.

305 2572 326 2602 δ
355 2575 481 2616 Vasio
500 2576 552 2615 G.
581 2575 685 2616 Vero
701 2576 809 2616 Jens.
919 2579 936 2600 ἕ
968 2574 1148 2626 quodid.
1277 2574 1295 2599 ἃ
1329 2574 1654 2614 huic—servatur
1671 2574 1724 2613 G.
1843 2577 1860 2600 ⁸
1893 2574 1978 2614 ine-

254 2629 405 2670 tudites
420 2630 528 2670 Jens.
636 2628 655 2656 f
680 2645 750 2669 om.
772 2631 823 2670 G.
843 2629 949 2669 Jens.
1059 2635 1077 2659 ε
1110 2629 1174 2668 his
1189 2629 1296 2668 Jens.

316 2767 389 2818 76.
418 2763 575 2823 cauffas
600 2771 802 2821 corruptae
820 2763 1069 2822 eloquentiae]
1156 2763 1280 2808 exstat
1319 2762 1469 2807 hodie:
1521 2771 1570 2806 ut
1607 2763 1834 2822 genemtim
1870 2762 1976 2807 nihil

258 2824 376 2869 Nihil
394 2825 481 2880 ejus
501 2823 726 2883 reperimus
744 2822 985 2883 indialogo,
1001 2825 1075 2881 qui
1158 2822 1410 2879 technigum.
