2320 4030
568 280 858 335 1Ns‘r1T.
890 280 1236 334 ORATOR.
1271 281 1640 353 L1B.,x11.9.
1856 276 1960 350 ,ἡ

238 416 495 490 optimam
530 418 755 473 caussam
801 417 1005 491 optime
1041 418 1223 492 egisse.
1297 417 1440 474 Illud
1476 428 1681 473 certum
1720 418 1838 485 erit,
1865 438 1963 473 ne·
2032 448 2035 454 ,

237 489 438 542 minem
480 490 631 563 pejus
670 509 845 563 agere,
872 509 1034 563 quam
1073 491 1168 561 qui
1204 488 1512 613 ἀίἷρὶίεεηῖε
1546 489 1714 543 cauffa
1749 490 1960 562 placete

185 574 214 632 7
241 559 439 614 necess‘e
482 563 554 613 est
596 561 761 626 enim,
803 572 953 614 extra
990 560 1216 615 cauffam
1276 571 1337 626 it,
1380 560 1527 633 quod
1574 560 1766 631 placet.
1840 563 1964 616 Nec

237 629 332 683 illo
352 640 374 665 ⁰
398 630 602 685 fastidio
622 631 885 685 laborabit
907 641 1101 697 orator,
1130 650 1234 684 non
1263 631 1458 704 agendi
1483 632 1680 685 cauffas
1705 632 1960 702 minoreS,

237 713 348 755 tam
390 721 510 755 uam
534 713 558 736 κ’
594 702 728 755 infra
753 721 880 756 eum
905 702 1022 767 (int,
1046 712 1141 756 aut
1163 702 1458 756 detrafiura
1484 702 1544 755 fit
1580 701 1820 773 opinioni
1857 703 1962 756 mi·-

238 791 341 826 nus
386 772 596 827 iberalis
621 773 860 826 materia.
933 773 1076 826 Nam
1108 784 1164 826 et
1194 772 1505 844 suscipiendi
1529 775 1665 826 ratio
1690 773 1965 844 justiflima

236 844 330 908 est,
357 844 611 909 officium,
637 856 694 897 et
717 843 1012 916 optandum
1040 843 1222 911 etiam,
1249 856 1310 898 ut
1345 843 1503 904 amici
1529 862 1689 915 quam
1716 843 1965 912 minimas

235 914 360 967 lites
396 915 665 968 habeant:
705 926 762 967 et
792 915 1012 973 ,abunde
1052 915 1188 968 dixit
1223 916 1380 980 bene,
1411 913 1689 987 quisquisz
1726 915 1802 968 rei
1841 915 1963 968 satis

184 987 216 1039 8
239 985 385 1039 fecit.
460 987 540 1038 At
588 985 826 1058 quidam,
871 985 1032 1040 etiam
1076 987 1109 1039 fi
1150 985 1287 1040 forte
1327 986 1697 1058 susceperunt³
1744 986 1965 1058 negotia

274 1056 417 1110 aullo
442 1057 510 1109 ad
546 1057 835 1110 dicendum
870 1057 1130 1122 tenuiora,
1159 1056 1477 1110 extrinsecus
1513 1055 1756 1110 adduffls
1793 1075 1856 1109 ea
1876 1076 1963 1111 re-

236 1075 341 1180 bus
364 1127 784 1194 circumliniunt,
813 1147 894 1194 ac,
926 1128 959 1180 fi
994 1127 1288 1181 defecerint
1312 1128 1431 1193 alia,
1458 1127 1710 1181 conviciis
1735 1127 1965 1199 implent

236 1216 406 1252 vacua
445 1198 774 1265 cauffarum5
835 1201 868 1252 fi
915 1199 1201 1272 contingit,
1251 1199 1424 1264 veris3
1479 1199 1512 1251 fi
1561 1198 1760 1264 minuS‚
1805 1199 1960 1266 fietis,

236 1269 400 1329 modo
439 1270 498 1322 fit
535 1270 755 1322 materia
789 1269 993 1342 ingenii
1008 1271 1051 1335 b,
1077 1280 1449 1342 mereaturque
1485 1269 1794 1334 clamorem,
1831 1270 1965 1324 dum

236 1341 453 1394 dicitur.
527 1340 695 1396 Quod
729 1349 834 1413 ego
869 1341 1001 1394 adeo
1025 1340 1189 1413 longe
1223 1352 1356 1413 puto
1379 1341 1446 1393 ab
1471 1352 1677 1394 oratore
1705 1339 1962 1412 perfeRO,

238 1423 303 1465 ut
327 1430 452 1464 eum
479 1430 547 1464 ne
570 1430 692 1465 vera
716 1411 934 1483 quidem
967 1411 1320 1484 objeofflrum,
1347 1412 1439 1464 nifi
1475 1410 1531 1464 id
1568 1411 1737 1464 cauffa
1771 1411 1960 1484 exigit,

187 1502 218 1557 9
241 1483 473 1537 credam.
547 1485 628 1535 Ea
661 1484 733 1534 est
758 1483 902 1535 enim
929 1485 1136 1554 prorsus
1172 1484 1373 1548 canina,
1399 1493 1460 1535 ut
1495 1482 1570 1535 ait
1605 1481 1834 1553 Appius,
1860 1483 1963 1536 elo-

241 1556 459 1626 quentia,
496 1557 786 1627 censuramc
822 1555 1145 1607 maledicendi
1179 1555 1349 1627 subire
1372 1576 1388 1607 .·
1438 1552 1586 1625 quod
1620 1553 1962 1620 facientibus,

240 1627 403 1679 etiam
430 1625 569 1678 male
593 1625 843 1678 audiendi
862 1626 885 1658 ‘¹
915 1625 1278 1697 praesumenda
1301 1624 1556 1697 patientia
1580 1625 1668 1676 est.
1742 1626 1884 1678 Nam
1912 1636 1967 1678 et

239 1697 298 1750 in
331 1697 466 1768 ipsos
493 1697 552 1749 fit
586 1697 819 1767 impetus
852 1695 1171 1768 frequenter,
1199 1697 1292 1769 qui
1331 1715 1360 1749 e
1403 1707 1576 1761 erunt,
1602 1706 1658 1748 et
1695 1706 1838 1749 certe
1870 1715 1964 1768 pa-

240 1769 381 1821 troni
425 1767 769 1840 petulantiam
809 1767 1047 1840 litigator
1084 1768 1205 1820 luit.
1281 1769 1348 1820 Se
1432 1766 1551 1819 haec
1600 1767 1806 1820 minora
1847 1768 1968 1822 sunt

239 1839 351 1910 ipso
375 1837 469 1892 illo
493 1839 626 1892 vitio
649 1838 833 1904 animi,
850 1857 958 1909 quo
986 1838 1320 1892 MALEdicus
1343 1857 1373 1891 a
1397 1837 1639 1890 malefico
1664 1857 1769 1890 non
1795 1838 1967 1904 distat,

157 1927 223 1965 10
244 1911 336 1963 nisi
376 1910 664 1964 occafione.
735 1910 932 1980 Turpis
981 1909 1240 1981 voluptas,
1281 1919 1337 1962 et
1383 1908 1691 1974 inhumana,
1731 1919 1788 1962 et
1830 1909 1967 1962 nulli

243 1980 575 2034 audientium
601 1981 747 2035 bono
775 1992 964 2054 grata:
1003 1999 1036 2033 a
1069 1980 1430 2052 litigatoribus
1465 1979 1682 2051 quidem
1717 1979 1968 2051 frequen-

245 2063 327 2105 ter
365 2052 619 2125 exigitur,
659 2052 754 2124 qui
802 2052 1062 2105 ultionem
1111 2051 1338 2116 malunt,
1385 2069 1546 2122 quam
1594 2049 1966 2106 defensionem.

247 2122 355 2190 Sed
393 2141 565 2206 neque
601 2123 704 2175 alia
730 2122 904 2176 multa
937 2122 1004 2182 ad
1039 2122 1315 2176 arbitrium
1341 2140 1524 2174 eorum
1562 2120 1803 2175 facienda
1827 2122 1967 2176 sunt.

245 2197 372 2248 Hoc
409 2194 628 2266 quidem
662 2195 784 2265 quis
820 2194 1103 2247 hominum
1138 2193 1290 2247 liberi
1330 2192 1491 2246 modo
1526 2191 1794 2264 sanguinis
1820 2193 1967 2246 susti-

158 2284 219 2322 11
246 2277 388 2332 neat,
412 2265 656 2338 petulans
681 2265 780 2318 effe
803 2265 871 2317 ad
908 2264 1124 2319 alterius
1147 2264 1424 2318 arbitrium
1447 2265 1464 2316 ?
1506 2262 1678 2335 Atqui
1714 2264 1873 2316 etiam
1913 2265 1970 2323 iu

242 2337 527 2390 advocatos
573 2337 738 2408 partis
786 2335 1008 2390 adversae
1056 2336 1285 2390 libenter
1325 2334 1570 2388 nonnulli
1607 2335 1966 2389 invehunturz

244 2408 413 2479 quod,
440 2408 532 2461 nifi
559 2409 593 2460 fi
613 2419 632 2439 θ
665 2407 803 2460 forte
826 2417 1151 2472 meruerunt,
1176 2418 1233 2460 et
1255 2406 1610 2461 inhumanum
1634 2406 1706 2457 est
1728 2405 1972 2478 respectu

157 2544 160 2546 ‚
248 2480 615 2534 communium
658 2477 975 2542 officiorum,
1017 2489 1073 2530 et
1113 2496 1237 2531 cum
1279 2477 1389 2548 ipsi,
1429 2476 1525 2547 qui
1563 2475 1715 2542 dicit,
1757 2476 1970 2543 inutile,

254 2555 400 2619 (nam
438 2550 581 2604 idem
609 2548 747 2620 juris
791 2549 1102 2620 responsuris
1145 2548 1321 2615 datur)
1369 2558 1484 2600 tum
1528 2546 1713 2599 cauffae
1754 2558 1970 2601 contra-

248 2622 409 2687 rium,
434 2621 561 2692 quia
591 2621 745 2691 plane
784 2619 1077 2686 adversarii,
1106 2619 1243 2673 fiunt
1282 2630 1338 2672 et
1376 2617 1610 2670 inimici:
1651 2628 1707 2670 et
1736 2630 1970 2690 quantu-

160 2710 225 2749 12
249 2691 598 2764 lumcumque
638 2692 723 2744 his
764 2691 956 2746 virium
995 2692 1084 2756 est,
1121 2688 1445 2744 contumelia
1485 2699 1730 2760 augetur.
1805 2691 1975 2762 Super

302 2883 322 2903 υ
354 2874 440 2914 ullo
457 2875 562 2914 Jens.
671 2881 693 2903 ¹
723 2881 934 2923 tamquam
953 2888 1021 2913 om.
1044 2873 1094 2913 G.
1122 2884 1245 2925 quam
1264 2881 1349 2910 tam
1365 2871 1472 2911 Jens.
1554 2876 1571 2896 ²
1604 2871 1673 2922 qui
1704 2870 1755 2911 G'.
1842 2874 1860 2895 ⁸
1891 2872 1974 2912 sus..

247 2931 425 3024 231ξὲιὲὶίῐὲ
444 2930 496 2969 G.
515 2927 663 3021 'ing-m.
686 2982 738 3020 G·
755 2926 983 3020 :etissgenua
999 2929 1105 2969 Jens.
1232 2932 1247 2951 ⁶
1281 2926 1533 2976 cognituram
1553 2926 1604 2964 G.
1621 2925 1728 2965 Jens.
1851 2926 1872 2957 ἆ
1901 2939 1974 2967 ιιι·

311 3126 354 3165 8.
385 3118 583 3167 conviciis
608 3118 794 3180 implent]
826 3119 948 3180 Qod
980 3118 1072 3161 lici·
1150 3126 1355 3160 mentator
1382 3116 1560 3165 monuit,
1579 3115 1704 3158 verba
1736 3115 1875 3174 Appii
1894 3116 1971 3159 eti-

250 3191 343 3224 tum
376 3179 490 3224 fuiffe
522 3178 643 3235 supra
671 3177 916 3220 ostendimus
948 3178 998 3219 ad
1028 3179 1070 3225 6,
1153 3191 1219 3219 am
1239 3173 1452 3221 Sallustius
1472 3189 1495 3216 a
1526 3173 1580 3216 ud
1602 3174 1786 3216 Nonium
1807 3189 1900 3231 cap.
1928 3191 1969 3225 1,

249 3255 297 3292 4,
323 3255 340 3280 1
353 3252 392 3291 3.
427 3236 549 3280 Add.
570 3250 665 3292 quae
692 3235 875 3291 disputat
894 3234 1071 3277 suavissi-
1153 3235 1194 3288 ξ.
1209 3233 1362 3288 298,in
1374 3232 1489 3277 Rahu
1506 3247 1550 3273 a.
1567 3232 1678 3273 Hinc
1690 3231 1971 3290 caninumstu-

251 3297 310 3338 mi
331 3298 394 3338 vir
415 3294 569 3347 ingenii
589 3302 629 3336 et
647 3293 856 3348 exquifitae
875 3292 1072 3335 doetrinae
1152 3291 1264 3332 dium
1283 3305 1313 3331 a
1333 3289 1544 3333 veteribus
1564 3288 1712 3331 didam
1732 3288 1973 3345 locupletiffi-

253 3356 294 3402 1.
317 3356 366 3396 F.
390 3341 592 3396 Chiistius
621 3351 767 3394 Nostt.
791 3351 960 3394 Acadd.
981 3351 1069 3392 obs.
1154 3363 1261 3390 mum
1279 3362 1469 3405 quemque
1488 3345 1717 3389 allatrandi
1744 3348 1853 3403 apud
1885 3348 1973 3389 Co..

253 3427 297 3468 5,
319 3428 361 3470 p.
385 3415 455 3463 76.
481 3410 539 3466 sq.
1154 3406 1362 3448 lnmellam
1380 3403 1495 3462 praef.
1517 3422 1559 3459 9,
1573 3405 1646 3445 ubi
1663 3404 1780 3462 plura
1793 3405 1973 3449 Schoett-

312 3485 356 3525 9.
386 3467 555 3517 canina,
575 3476 620 3509 ut
644 3465 707 3508 ait
728 3464 896 3522 Appius]
932 3465 1073 3506 Serva-
1156 3465 1303 3522 genius
1323 3474 1363 3508 et
1382 3463 1641 3509 Buchnems.

252 3528 331 3579 vit,
363 3527 478 3589 quod
519 3526 564 3571 T
568 3524 819 3572 urnebianue
852 3523 919 3569 hic
960 3537 1074 3567 com-
