2320 4030
336 263 435 327 328
660 262 796 321 „NL
833 263 1040 313 FABII
1079 263 1661 313 QUINCTILIANI

337 408 436 453 aut
472 395 691 470 operum
727 399 871 452 mole
903 398 1187 464 difficiles3
1233 397 1310 451 ita
1346 397 1513 450 oratio
1545 396 1805 471 gaudebit
1840 398 2057 472 quidem

337 470 609 522 occafione
644 469 845 539 latius⁰
891 468 1224 535 decurrendi,
1271 479 1326 522 et
1367 487 1525 540 aequo
1562 469 1829 540 congressa
1868 489 2058 543 campo
2103 490 2106 492 ·

337 550 479 593 totas
517 539 652 592 vires
694 538 1020 612 populariter
1056 536 1380 612 explicabit:
1433 551 1488 592 at
1525 538 1559 591 fi
1596 539 1730 612 juris
1773 540 2057 608 anfractus,
2077 561 2111 616 3

336 620 436 681 'aut
459 611 705 664 eruendae
724 611 974 664 'veritatis
998 611 1224 664 latebras
1247 611 1394 664 adire
1418 621 1658 682 cogetur,
1685 626 1794 663 non
1830 612 2057 683 obequi-

337 681 495 746 tabit,-
530 701 628 735 nec
669 679 776 734 illis
816 682 1146 735 vibrantibus
1187 681 1564 752 concitatisque
1603 681 1876 735 sententiis
1913 682 2062 736 velut

338 752 616 805 miflilibus
654 763 868 817 utetur3
910 753 997 806 sed
1031 753 1298 824 operibuS,
1325 762 1381 804 et
1423 752 1704 817 cuniculiS,
1746 764 1799 806 et
1840 753 2057 818 infidiis,

341 834 399 876 et
435 823 662 877 occultis
701 824 903 875 artibus
941 842 1052 876 rem
1087 835 1258 895 geret.
1335 824 1476 876 Quae
1497 835 1529 887 †
1562 824 1741 876 omnia
1773 842 1902 890 non,
1926 824 2056 878 dum
2078 844 2118 897 4

342 894 479 947 fiunt
495 905 537 961 Ρ,
563 894 864 958 laudantur,
902 893 989 946 sed
1027 913 1150 947 cum
1193 894 1332 948 facta
1365 893 1522 947 sunt:
1574 895 1716 948 unde
1756 895 1927 955 etiam,
1956 895 2061 948 mi-

341 975 488 1018 nus‘l
531 964 738 1037 cupidis
775 965 1040 1035 opinionis
1074 964 1194 1036 plus
1228 964 1432 1018 fruetus
1467 965 1629 1017 venit.
1702 967 1846 1018 Nam
1867 975 1899 1033 1
1937 984 2062 1019 cum

340 1035 434 1088 illa
469 1035 681 1088 dicendi
714 1035 898 1089 vitiosa
925 1035 1148 1107 jod-{tatio
1185 1036 1322 1088 inter
1357 1035 1618 1106 plausores
1654 1036 1772 1089 suos
1795 1036 2064 1100 detonuit,

342 1107 567 1179 resurgit
605 1125 745 1160 verae
769 1118 784 1139 ‘
818 1106 1027 1160 virtutis
1065 1106 1251 1159 fortior
1283 1106 1458 1159 fama:
1499 1126 1598 1160 nec
1622 1107 1856 1180 judiceS,
1881 1127 1914 1161 a
1951 1126 2063 1179 quo

342 1178 442 1231 {int
466 1177 621 1244 moti,
647 1177 988 1240 diffimulant‚
1014 1187 1070 1229 et
1103 1178 1274 1231 doctis
1311 1177 1579 1243 creditur3
1621 1196 1718 1231 nec
1755 1178 1827 1231 est
1862 1179 2060 1231 oratio-

342 1250 427 1302 nis
452 1267 574 1302 vera
596 1250 733 1314 lauS,
760 1249 850 1301 nifi
877 1268 1000 1302 cum
1028 1248 1175 1301 finita
1198 1250 1286 1303 est.
1356 1248 1639 1302 Veteribus
1699 1248 1876 1302 uidem
1902 1249 2061 1303 etiam
2083 1270 2116 1327 5

341 1321 662 1375 diflimulare
698 1320 1057 1391 eloquentiam
1096 1319 1201 1373 fuit
1237 1320 1438 1372 moris:
1477 1319 1641 1402 idque
1661 1270 1764 1373 (iu.
1791 1321 2065 1374 Antonius

341 1391 602 1463 praecipit,
647 1410 756 1464 quo
804 1390 924 1462 plus
967 1390 1266 1444 dicentibus
1307 1390 1451 1456 fidei,
1497 1392 1776 1462 minusque
1815 1391 2064 1463 suspectas

343 1463 717 1516 advocatorum
769 1461 967 1515 infidiae
1013 1461 1204 1516 forent.
1280 1460 1385 1514 Sed
1433 1461 1526 1514 illa
1574 1462 1895 1528 diflimulari,
1939 1481 2064 1534 quae

341 1544 462 1586 tum
498 1545 628 1599 erat,
665 1533 878 1605 potuit:
929 1533 1167 1586 nondum
1205 1533 1348 1586 enirn
1386 1542 1595 1586 tantum
1631 1533 1843 1586 dicendi
1879 1534 2063 1588 lumen

343 1605 643 1670 accefferat,
667 1615 730 1657 ut
764 1604 920 1656 etiam
947 1622 1040 1675 per
1063 1604 1348 1657 obstantia⁸
1385 1614 1703 1675 erumperet.
1777 1606 1956 1659 Quare
1979 1623 2064 1658 ar-

343 1686 424 1728 tes
450 1676 669 1747 quidem
701 1685 756 1728 et
781 1675 995 1728 consilia
1017 1675 1233 1741 lateant,
1261 1684 1316 1727 et
1354 1675 1636 1747 quidquid,
1661 1675 1694 1727 fi
1715 1681 1728 1708 ῑ
1767 1675 2063 1747 deprehen-

340 1746 507 1812 ditur,
533 1747 688 1819 perit.
751 1747 873 1799 Hac
902 1757 1057 1798 tenus
1084 1745 1389 1818 eloquentia
1412 1747 1670 1801 secretum
1695 1745 1876 1800 habet.
1941 1747 2063 1800 Ver-
2086 1757 2121 1808 6

343 1818 515 1870 horum
558 1817 775 1890 quidem
815 1817 1045 1882 deleam,
1079 1818 1320 1890 gravitas
1350 1818 1731 1888 fihtentiarum‚
1765 1817 2067 1890 figurarum

345 1889 616 1961 elegantia,
643 1898 735 1942 aut
759 1906 866 1940 non
901 1888 1040 1952 sunt,
1066 1900 1159 1942 aut
1183 1900 1466 1961 apparent:
1506 1887 1593 1942 sed
1615 1889 1702 1942 vel
1728 1900 1938 1960 propter
1962 1890 2069 1944 hoc

343 1959 515 2031 ipsum
551 1959 860 2012 ostentanda
894 1979 1001 2012 non
1038 1959 1177 2026 sunt,
1203 1958 1349 2031 quod
1371 1979 1402 2013 a
1439 1969 1656 2031 parent:
1695 1971 1788 2013 aut
1826 1961 1858 2012 fi
1896 1980 2068 2015 unum

344 2049 376 2083 e
403 2031 613 2085 duobus
640 2029 971 2102 eligendum,
995 2030 1163 2084 cauffa
1194 2030 1371 2103 potius
1402 1978 1667 2096 laudetur,
1693 2049 1854 2103 quarn
1884 2043 2068 2155 Satro-

344 2119 467 2159 nuS.
543 2102 730 2162 Finem
768 2111 947 2156 tamen
991 2102 1137 2155 hunc
1181 2101 1445 2174 praestabit
1486 2113 1685 2169 orator,
1724 2112 1787 2156 ut
1829 2103 1878 2156 vi
1920 2114 2075 2158 eatur

400 2270 425 2294 0
451 2270 582 2313 laetius
602 2271 653 2311 G.
760 2276 793 2322 1-
822 2271 899 2310 Sed
918 2272 1048 2322 Kapp.
1158 2275 1178 2304 9
1203 2270 1278 2311 fuit
1297 2271 1350 2311 G.
1446 2277 1451 2282 ’
1469 2275 1488 2303 (1
1520 2268 1586 2309 Sic
1605 2270 1655 2308 G.
1685 2269 1943 2321 cupidiffimis
1959 2271 2067 2312 Jcns.

347 2325 503 2375 cupidis
523 2326 660 2366 minus
676 2324 729 2364 al.
865 2328 889 2374 ζ
917 2326 1024 2366 unde
1044 2323 1113 2364 illa
1130 2325 1210 2366 dic.
1231 2326 1362 2378 Kapp.
1498 2329 1514 2350 ⁸
1544 2336 1636 2364 vera
1653 2331 1693 2363 et
1709 2325 1816 2364 Jens.
1951 2333 1964 2353 ⁸
1996 2326 2070 2365 ob-

344 2380 533 2424 stantiam
554 2381 603 2420 G.
712 2384 725 2406 t
756 2379 809 2419 fic
830 2380 882 2420 G.

409 2528 494 2578 IX,
522 2541 567 2580 4.
612 2527 742 2575 minus
773 2526 926 2584 cupidis
954 2525 1164 2583 opinionis]

350 2585 464 2632 Cave
492 2600 540 2628 ne
570 2585 621 2627 ad
651 2586 783 2627 minus
802 2585 1002 2641 adjungas
1020 2599 1169 2627 nornen

346 2642 554 2700 opinionis,
576 2658 658 2700 qua
689 2659 730 2685 re
759 2643 994 2685 sententiam
1025 2644 1167 2684 turba-

350 2703 475 2743 veris.
527 2703 603 2743 Sed
638 2702 712 2757 qui
745 2700 876 2744 minus
913 2699 1045 2756 cupidi
1076 2701 1169 2742 sunt

1249 2525 1331 2570 sam
1380 2524 1524 2569 robare
1548 2524 1697 2579 judici.
1747 2523 1852 2566 Alia
1870 2524 1978 2567 ratio
1996 2525 2068 2577 est,

1250 2585 1324 2627 ubi
1342 2543 1392 2627 (ξε
1413 2583 1578 2641 ingenio
1598 2592 1761 2632 tantum
1792 2584 2070 2635 contenditur,

1249 2643 1300 2685 de
1320 2643 1440 2686 causa
1459 2641 1622 2684 aliunde
1642 2641 1810 2684 constat.
1834 2641 1950 2684 Sicut
1965 2656 2007 2684 v.
2019 2656 2067 2699 g.

1251 2717 1347 2743 cum
1378 2702 1421 2744 in
1441 2699 1662 2756 Regicidio
1681 2698 1923 2756 Anglicano
1949 2699 2071 2742 causa

351 2758 494 2801 alienae
531 2760 582 2801 de
621 2758 658 2800 se
694 2759 916 2814 opinionis,
958 2758 1040 2800 illis
1077 2757 1169 2814 plus

339 2816 510 2873 srubffus
530 2815 666 2858 venit.
704 2818 763 2858 Ut
785 2817 1015 2874 pecuniam,
1037 2815 1086 2858 fic
1108 2814 1169 2858 fa-

353 2888 464 2916 mam
490 2875 697 2932 negligere
718 2876 760 2916 in
778 2875 869 2917 loco
888 2874 1079 2929 sapientis
1099 2874 1170 2916 est.

418 2948 461 2987 5.
493 2933 560 2974 M.
584 2931 798 2986 Antonius]
830 2933 916 2992 Qi
928 2930 1174 2988 probabilio-

354 3004 442 3032 rem
461 2989 529 3032 hoc
541 2989 681 3046 populo
700 2989 920 3032 orationem
929 2990 1028 3045 fore
1045 2992 1172 3047 cense-

355 3048 429 3090 bat
446 3050 589 3105 suam,
608 3046 652 3102 st
681 3048 834 3091 omnino
864 3047 1032 3103 didiciffi’
1071 3062 1174 3089 nun-

353 3121 477 3163 quam
489 3113 713 3164 putaretur
732 3107 814 3150 &c.
860 3107 954 3148 Cic.
977 3106 1028 3148 de
1048 3108 1170 3148 Orat.

358 3180 402 3214 2,
427 3180 466 3215 ι,
498 3164 572 3206 ubi
605 3163 748 3206 similia
781 3166 832 3207 de
863 3162 1017 3211 Crasso.
1060 3163 1174 3206 Prae-

356 3232 522 3279 ceptum
560 3222 740 3264 Antonii
779 3221 885 3264 forte
914 3225 956 3264 in
988 3237 1035 3263 eo
1069 3221 1176 3263 libro

356 3278 456 3330 fuit,
487 3295 612 3337 quem
641 3279 692 3321 de
720 3279 954 3337 eloquentia
982 3279 1191 3336 scriptum·

356 3339 411 3380 ab
432 3353 479 3380 eo
498 3337 650 3380 constat
669 3352 719 3381 ex
738 3339 834 3380 Cic.
856 3340 980 3380 Orat.
1004 3352 1046 3390 5.

418 3398 462 3438 6.
500 3394 814 3452 causta—quam
838 3395 1056 3451 patronus]
1096 3396 1138 3437 N
1141 3396 1178 3438 i··

355 3453 510 3496 mirum
549 3467 574 3495 a
604 3453 761 3505 judice,
795 3455 870 3509 qui
910 3452 955 3494 sit
983 3453 1177 3494 dominus

359 3512 431 3562 rei.
455 3511 573 3558 Finis
594 3512 702 3554 enim
722 3512 884 3570 patroni
903 3510 969 3558 hic
989 3511 1058 3562 est,
1079 3511 1178 3554 cau-

1252 2758 1487 2801 laudaretur
1527 2755 1723 2807 Salmafii‚
1762 2766 1961 2815 patronus
1994 2771 2070 2800 au-

1251 2827 1336 2859 tem
1356 2817 1592 2868 Miltonus3
1614 2829 1733 2856 nemo
1748 2814 1817 2865 est,
1839 2825 1954 2873 puto,
1969 2816 2072 2871 quin

1253 2876 1484 2918 Miltonum
1533 2874 1570 2915 se
1607 2872 1743 2923 malit,
1780 2873 1857 2916 hac
1904 2873 2078 2930 quidem,
2118 2903 2123 2909 -

1253 2943 1368 2991 parte
1386 2933 1474 2983 effe,
1494 2945 1620 2989 quam
1642 2929 1896 2973 Salmasium.
1921 2932 1979 2973 Et
1997 2946 2072 2991 po-

1255 2991 1327 3033 test
1347 2991 1468 3033 causa
1487 2991 1545 3032 ita
1571 2989 1779 3045 desperata
1798 2986 1886 3039 esse,
1910 2998 1956 3030 ut
1987 2989 2074 3046 ipsa

1257 3049 1413 3105 placere
1433 3047 1547 3090 nullo
1573 3048 1698 3088 modo
1718 3046 1851 3104 poffit,
1870 3046 1987 3103 possit
2007 3048 2071 3098 vis

1254 3118 1294 3148 et
1324 3107 1534 3164 ingenium
1564 3106 1724 3162 patroni
1751 3114 1889 3146 tamen
1907 3105 2074 3157 interim

1255 3166 1454 3222 probaris
1490 3163 1701 3205 Nimirum
1731 3161 1831 3204 illud
1854 3163 1941 3219 agit
1959 3164 2074 3208 omni

1258 3222 1391 3266 studio
1407 3221 1582 3271 Fabius,
1602 3234 1652 3262 ne
1671 3220 1773 3276 quid
1792 3219 1903 3267 aliud
1922 3222 2074 3264 tirone·

1259 3279 1337 3322 fori
1369 3281 1563 3337 speetent,
1595 3292 1720 3334 quam
1755 3278 1996 3323 victoriam:
2032 3288 2075 3321 et

1259 3340 1410 3381 vitium
1449 3337 1584 3379 aetatis
1615 3337 1695 3378 suae
1726 3335 1826 3376 duni
1859 3337 2076 3393 reprimere

1260 3397 1406 3446 studet,
1436 3395 1696 3450 aliquantum
1732 3393 1813 3450 ipse
1851 3395 1901 3445 τῷ
1929 3392 2075 3449 ἀμία-ῃ

1258 3458 1320 3506 τῆς
1337 3455 1508 3499 ἀνθολκῆς
1526 3452 1687 3498 videtur
1704 3450 1858 3510 abripi.
