2320 4030
607 303 897 360 INSTIT·
929 303 1278 355 ORATOR.
1312 300 1454 354 LIB'.
1489 307 1656 371 IX.-4.
1908 323 1995 375 151

270 441 534 495 teocbaeum
557 451 622 496 ut
649 441 812 496 nimis
837 451 1136 498 currentem
1166 441 1405 506 damnet,
1431 442 1591 514 eique
1617 444 1834 498 cordacis
1851 454 1870 478 ⁶
1897 465 1997 501 no-

269 531 394 566 men
440 514 715 587 imponam
774 514 1073 586 eademque
1113 513 1297 567 dicant
1335 513 1672 570 Theode&es
1713 535 1776 572 ac
1811 518 1998 572 Theo-

178 585 250 657 89
273 585 530 656 phrastuS,
569 583 753 637 fimilia
795 585 907 655 post
949 601 1043 642 eos
1086 583 1509 642 Halicarnasseus
1546 585 1867 658 Dionysius:
1922 590 1998 644 ir-

269 666 524 727 rumpent
562 655 724 709 etiam
769 655 874 708 add
911 655 1137 720 vicium,
1162 673 1263 708 nee
1301 655 1505 727 semper
1546 655 1653 709 illis
1693 657 1879 726 Herm,
1906 671 2001 714 aut

269 728 456 780 Paeone
475 736 494 759 ⁶
530 727 643 792 suo,
671 745 856 809 quem,
883 725 1011 799 quia
1044 726 1219 785 versus
1238 727 1258 759 f
1291 745 1409 780 raro
1445 725 1593 792 facit,
1620 728 1852 783 maxime
1876 730 1999 785 lau-

269 797 419 862 dant,
446 797 527 850 uti
553 797 756 851 liceb1t.
833 800 913 852 Ut
938 799 1036 850 fint
1072 808 1251 851 tamen
1285 797 1403 850 aliis
1435 797 1528 851 alii
1553 799 1861 867 crebrioreS‚
1888 819 1999 855 non

268 869 428 921 verba
470 868 688 933 facient,
736 888 857 941 quae
904 887 1081 941 neque
1123 869 1325 942 augeri,
1370 887 1545 940 neque
1584 869 1778 937 minui,
1821 890 2001 945 neque

269 939 401 993 ficut
423 939 789 994 modulatione
813 941 1037 1012 produci
1061 952 1156 994 aut
1181 941 1377 1013 corripi
1395 951 1419 984 8
1443 941 1632 1013 poffint
1651 962 1668 1008 3
1707 942 1795 996 sed
1829 945 1997 1017 traiy'-

177 1026 248 1082 90
268 1012 475 1064 mutatio
518 1021 573 1065 et
614 1011 880 1066 collocatio.
955 1011 1089 1066 Pleri
1131 1031 1198 1066 ue
1229 1011 1377 1067 enim
1416 1030 1483 1066 ex
1518 1013 1869 1068 commiffuris
1902 1033 1996 1068 eo-

268 1101 389 1136 rum
427 1081 512 1136 vel
550 1082 803 1137 divisione
844 1084 980 1137 fiunt
1016 1102 1082 1156 pe
1124 1102 1180 1137 es
1205 1105 1222 1138 t
1262 1102 1373 1156 quo
1407 1083 1486 1149 fit,
1513 1095 1576 1137 ut
1610 1083 1795 1138 iisdem
1821 1086 1999 1140 verbis

266 1153 357 1206 alii
381 1164 545 1227 atque
569 1153 657 1207 alii
681 1154 855 1209 versus
881 1155 1042 1208 fiant:
1080 1165 1144 1208 ut
1175 1153 1400 1211 memini
1434 1155 1726 1227 quemdam
1762 1176 1871 1216 non
1907 1158 1997 1234 ig-

266 1225 506 1279 nobilem
535 1237 749 1298 poetam
774 1226 853 1280 ita
873 1225 1040 1280 lufiffe
1059 1229 1104 1292 ¹¹,

334 1397 338 1399 Α
406 1323 567 1398 Astra
590 1324 750 1378 tenet¹
777 1324 970 1392 coelum,
997 1343 1134 1378 mare
1158 1323 1345 1398 clqffi’s)
1373 1345 1495 1377 area
1519 1326 1724 1397 mcffim.

265 1433 379 1499 Hic
401 1437 685 1519 retrorsum
716 1435 806 1490 fit¹
829 1436 1089 1516 sotadeus.
1166 1437 1415 1510 Itemque
1435 1436 1645 1509 sotadeo
1682 1436 1939 1517 adjungat
1959 1449 1997 1475 1⁸¹

265 1517 407 1561 retro
436 1517 706 1562 tnmetros
724 1516 746 1541 ¹⁸
769 1528 783 1562 ε

415 1607 578 1682 Caput
599 1608 807 1680 exstruit
829 1608 1004 1663 mobile
1029 1608 1179 1684 pinus
1202 1609 1432 1683 repetita.

177 1741 242 1797 91
267 1717 535 1773 Miscendi
576 1737 710 1792 ergo
755 1719 894 1786 sunt,
936 1719 1232 1774 curandum
1277 1738 1364 1786 ue,
1407 1727 1473 1774 ut
1521 1719 1620 1773 fint
1666 1720 1863 1792 plureS,
1904 1722 2000 1794 qui

267 1790 512 1862 placeant
528 1802 568 1856 ⁰,
609 1802 665 1843 et
707 1789 1006 1844 circumfufi
1046 1790 1204 1844 bonis
1284 1791 1538 1845 eteriores
1580 1793 1804 1849 lateant.
1878 1793 1998 1847 Nee

266 1879 392 1916 vero
417 1862 473 1915 in
506 1861 675 1915 literis
697 1861 1012 1944 syllabisque
1044 1875 1232 1915 natura
1262 1873 1521 1927 mutatur,
1547 1863 1637 1917 sed
1674 1865 1853 1929 refert,
1878 1884 2000 1937 quae

267 1951 392 1986 cum
429 1943 572 2006 qua?
613 1943 822 2006 optime
859 1944 1030 1988 coeat.
1105 1933 1403 1989 Plurimum
1443 1933 1612 2006 igitur
1644 1936 1998 2004 auetoritati3‚

321 2107 339 2128 e
372 2102 580 2143 chordacis
597 2101 650 2141 G.
761 2101 779 2128 ‘¹
812 2101 1022 2153 adjunGtos
1037 2102 1143 2142 Jens.
1166 2100 1324 2150 adjutos
1344 2101 1398 2141 G.
1509 2107 1527 2128 θ
1558 2102 1701 2142 Paeane
1721 2104 1774 2147 G.
1877 2102 1897 2130 f
1912 2117 2001 2145 ver..

266 2157 356 2197 sum
377 2157 430 2196 G.
539 2163 557 2187 ⁸
589 2157 791 2207 corrumpi
812 2157 864 2196 G.
986 2159 1007 2184 2¹
1037 2156 1249 2196 declarasse
1270 2156 1323 2196 G.
1452 2153 1463 2182 ¹
1496 2163 1635 2196 tenent
1654 2157 1706 2197 G.
1836 2157 1847 2183 ¹
1879 2159 1926 2198 fit
1945 2160 1997 2200 G.

267 2216 376 2251 reae.
484 2215 515 2235 m
548 2211 702 2262 adjuret
719 2211 771 2251 G.
790 2211 897 2251 Jens.
1007 2217 1026 2237 ¹¹
1060 2219 1208 2250 metros
1227 2210 1280 2250 G.
1389 2217 1408 2238 ο
1439 2209 1603 2262 placent
1617 2212 1725 2281 Jens:
1851 2217 1873 2246 P
1899 2226 2001 2270 qua-

267 2277 347 2317 que
367 2265 419 2305 G.
435 2267 456 2306 J
462 2265 543 2304 ens.

269 2403 363 2446 bum
380 2403 672 2462 interpretatur
686 2403 856 2447 sermoni
871 2403 1087 2446 hominum
1169 2401 1378 2445 cordacem
1404 2400 1612 2461 appellat.-
1639 2405 1884 2457 'accuratius
1905 2420 1998 2448 om-

267 2462 590 2513 convenientem,
610 2472 651 2504 et
669 2471 880 2520 comparat
899 2477 996 2504 cum
1011 2462 1091 2504 Pe·
1170 2460 1269 2502 nino
1289 2459 1340 2502 ad
1370 2467 1550 2502 mentem
1570 2459 1808 2505 Aristotelis
1837 2464 2002 2507 cordaci

268 2521 396 2564 tronii
429 2535 469 2563 c.
494 2536 567 2574 90,
601 2521 679 2563 ubi
708 2520 884 2565 humane
914 2519 950 2562 Io
977 2518 1021 2562 ui
1049 2529 1091 2561 et
1170 2524 1313 2573 aptum
1360 2517 1548 2572 dixiffent
1596 2527 1671 2561 aut
1728 2520 1996 2566 cordacicum.

263 2578 416 2637 poetice
450 2577 780 2636 distinguuntur.
1173 2577 1384 2619 Caeterum
1432 2576 1485 2619 de
1521 2575 1710 2619 brevium
1749 2577 1998 2635 syllabarum

270 2652 385 2681 roum
413 2635 444 2679 s.
471 2636 690 2695 daaylum,
710 2651 734 2680 a
763 2651 848 2694 quo
1173 2634 1484 2676 continuatione
1493 2633 1727 2692 exstcltandi
1738 2638 1910 2680 verbum
1925 2639 2000 2682 ad-

1173 2691 1313 2735 hibere
1333 2701 1446 2734 amat
1462 2692 1634 2739 Noster:
1668 2694 1755 2737 vid.
1778 2695 1828 2737 ad
1851 2696 1882 2738 s.
1907 2699 1982 2739 66.

885 2593 911 2620 u
1005 2578 1091 2619 He·

920 2649 1092 2678 emicunt

270 2709 434 2739 carmen
460 2695 630 2744 dicitur,
648 2695 808 2734 λεκτικὸν
830 2695 994 2737 vocavit
1023 2694 1092 2736 A·

269 2748 481 2804 ri'stoteles‚
503 2753 546 2797 id
565 2766 647 2796 non
667 2752 763 2794 satis
792 2751 1005 2796 commode
1028 2751 1092 2795 in-

270 2821 548 2870 terpretantur
592 2810 826 2866 elegantem.
907 2811 1095 2854 Sumitur

270 2873 380 2913 enim
411 2884 508 2912 curn
541 2867 721 2925 respeelu
756 2868 807 2910 ad
840 2868 950 2920 λέξιν,
975 2869 1019 2912 h.
1052 2883 1092 2912 e.

270 2928 495 2972 diffionem
522 2937 564 2970 et
589 2928 810 2969 sermonem
836 2926 1093 2978 consuetum,

272 2986 557 3044 fignificatque
584 2985 687 3028 adeo
709 2983 892 3040 sermoni
923 2992 1092 3042 aptum3

274 3044 389 3102 quod
418 3044 483 3087 vel
517 3042 740 3086 Horatiani
755 3042 964 3099 sermones
996 3042 1095 3086 satis

274 3103 476 3154 indicant,
497 3116 603 3159 quos
634 3099 702 3143 ille
728 3102 785 3142 ob
813 3099 858 3142 id
882 3100 894 3142 i
927 3101 1096 3143 sumita

273 3162 455 3212 vocavit,
474 3159 586 3218 quod
606 3157 758 3218 poetici
776 3156 880 3200 nihil
897 3116 1096 3201 liaberent

274 3229 423 3277 praeter
458 3228 652 3261 metium.
697 3215 818 3259 Add.
860 3216 892 3258 s.
934 3232 1015 3259 110
1054 3225 1096 3259 et

279 3293 298 3321 ι
309 3292 329 3331 3
340 3292 356 3319 1
366 3306 379 3328 ,
396 3277 472 3320 ubi
491 3278 633 3320 breves
653 3273 818 3333 syllabae
837 3273 1008 3318 sermoni
1022 3289 1096 3334 ap-

274 3346 420 3378 tiores·

337 3397 407 3435 88.
440 3390 622 3435 cordacis
643 3390 806 3444 nomen]
837 3389 1098 3442 κοςδακικῶτι-

275 3467 326 3506 ρον
343 3449 521 3509 appellat
541 3450 570 3493 l.
591 3464 630 3492 c.
662 3449 840 3491 Videtur
859 3457 997 3490 autem
1016 3447 1050 3488 F
1053 3460 1097 3488 a·

256 3509 374 3552 'bins
415 3509 481 3551 hic
519 3509 761 3551 Ciceronem
806 3506 983 3554 secutus,
1023 3504 1098 3560 qui

278 3569 401 3611 Orat.
444 3581 485 3611 c.
529 3581 601 3622 57,
652 3563 903 3616 Trochaeum,
941 3563 1097 3620 inquit,

1235 2753 1307 2792 88.
1338 2748 1480 2795 Halic.
1499 2749 1688 2810 Diotygfi]
1711 2753 1895 2796 Laudati
1908 2754 1999 2809 jam

1174 2805 1279 2866 saepe
1297 2808 1433 2866 operis
1452 2808 1483 2852 s.
1509 2823 1582 2861 17.

1238 2869 1307 2922 89.
1340 2879 1418 2908 non
1442 2866 1585 2910 verba
1599 2865 1789 2922 facient]
1822 2869 2000 2914 Adscri-

1175 2924 1326 2967 bamus
1355 2934 1395 2966 et
1424 2924 1493 2968 hic
1522 2924 1710 2982 Dionyfii
1738 2925 1877 2970 locum
1902 2929 1932 2971 l.
1957 2945 1998 2972 c.

1176 2997 1221 3040 p.
1266 2995 1368 3036 134.
1426 2987 1483 3023 Τὰ,
1522 2981 1682 3035 cinips-ava.
1719 2983 1880 3034 ἔγκειται
1924 2990 2001 3032 τοῖς

1175 3041 1402 3093 πράγμασιν
1431 3041 1476 3083 ὡς
1507 3039 1649 3092 ἔτυχεν·
1686 3040 1869 3091 οἰκονομεῖν
1903 3043 2002 3082 αὐτὰ

1176 3097 1246 3148 χρὴ
1264 3095 1498 3147 φιλοτέχνως,
1516 3094 1543 3147 23}
1562 3093 1791 3134 διακλέπτειν
1807 3095 1857 3150 τῇ
1876 3097 2001 3150 χάριτι

1178 3150 1242 3192 τῆς
1269 3147 1471 3187 συνθέσεως
1495 3151 1558 3188 τὴν
1582 3145 1750 3198 ἐνάγιιην,
1768 3150 1888 3194 ἄλλως
1910 3165 1952 3189 τε
1972 3152 2001 3205 g

1178 3204 1311 3241 πολλὴν
1336 3204 1398 3242 τὴν
1422 3202 1538 3240 ἄδειαν
1553 3200 1718 3253 ἔχοντες·
1747 3202 1807 3240 ὲδῖ
1824 3207 1891 3255 γὰρ
1908 3205 2002 3243 αἰπε-

1179 3256 1345 3295 λαύνεται
1378 3253 1516 3308 ῥυθμὸς
1547 3254 1638 3298 &3824-
1671 3257 1711 3293 ἐκ
1745 3258 1810 3300 τῆς
1843 3256 2003 3312 ipim-gon

1178 3309 1321 3360 λέξεως,
1340 3309 1458 3360 ὥσπερ
1476 3307 1516 3346 ἐκ
1533 3310 1598 3352 τῆς
1613 3307 1797 3362 ἐμμέτρου.

1241 3377 1314 3419 90.
1344 3362 1565 3418 retroffum
1582 3361 1642 3419 fit
1658 3362 1868 3419 fhtadeus]
1902 3362 2000 3405 Me-

1179 3420 1301 3520 rniinit
1320 3421 1446 3462 etiam
1466 3419 1588 3479 supra
1607 3435 1650 3476 9,
1671 3437 1718 3477 4,
1735 3423 1778 3464 6.
1813 3420 1888 3465 Tu
1907 3421 2002 3466 vide

1180 3492 1204 3521 a
1259 3493 1299 3529 1,
1321 3480 1364 3529 8,
1386 3479 1430 3520 6.

1203 3633 1295 3687 ιιι
