2320 4030
539 326 826 380 INSTIT.
859 325 1204 376 ORATOR.
1237 325 1378 374 LIB.
1414 326 1503 373 XI.
1530 339 1578 386 3.
1831 322 1925 386 283

206 458 552 517 consentiant.
616 464 765 518 Facit
787 463 932 518 enim
957 461 1159 535 aliquid
1184 471 1239 514 et
1263 459 1427 513 totius
1454 456 1685 531 corporis
1710 467 1924 516 motus:-
1948 466 1954 475 ‘

209 535 342 588 adeo
381 545 444 587 ut
479 536 668 589 Cicero
702 536 820 606 plus
857 535 956 588 illo
992 534 1101 606 agi,
1129 550 1288 603 quam
1318 532 1561 584 manibus
1605 529 1723 601 ipfis
1757 541 1927 600 putet.

212 607 298 659 Ita
334 605 476 658 enim
511 606 644 659 dicit
686 607 742 659 in
783 608 1032 670 Oratore,
1058 603 1236 656 Nullae
1269 603 1490 674 argutiae
1521 601 1809 672 digitorum,
1834 619 1931 652 non

211 676 286 729 ad
305 697 556 729 numerum
583 676 823 730 articulus
849 677 1044 740 cadens,
1071 686 1239 727 trunco
1263 673 1425 744 magis
1451 682 1544 724 toto
1559 673 1621 744 se
1645 672 1741 742 ipse
1763 672 1927 723 mode-

122 772 191 812 ¹23
214 767 352 812 ram,
379 757 426 799 et
447 747 592 800 virili
617 747 826 800 laterum
898 747 1077 799 exione.
1110 765 1115 768 ’
1152 747 1347 797 Femur
1383 743 1557 805 ferire,
1585 741 1729 814 quod
1754 742 1929 794 Athe-

215 818 298 869 nis
320 818 522 888 primus
547 817 716 871 fecisse
739 836 824 871 cre
866 818 970 870 'tur
991 817 1013 849 *¹
1053 815 1242 880 Cleon,
1269 825 1324 867 et
1359 815 1605 867 usitatum
1639 813 1728 877 est,
1753 823 1811 865 et
1844 812 1928 864 in-

214 889 528 960 dignantesi
568 889 739 953 decet,
762 899 818 941 et
853 888 1051 941 excitat
1074 887 1404 939 auditorem.
1480 884 1650 955 quue
1684 883 1738 936 in
1767 883 1932 937 Calli-

215 959 307 1011 dio
349 959 540 1012 Cicero
579 959 850 1024 desiderat,
877 959 993 1011 Non
1016 959 1189 1030 frons,
1226 958 1279 1009 in
1321 956 1420 1021 uit,
1458 956 1699 1028 percuffiz,
1725 975 1822 1007 non
1838 954 1932 1026 fe·

216 1049 364 1082 mur.-
394 1031 606 1102 pedum¹
653 1032 803 1103 (quod
837 1030 1085 1083 minimum
1111 1029 1192 1100 est)
1221 1049 1288 1080 nu
1313 1028 1366 1079 la
1383 1026 1650 1100 ficpplcfio.
1724 1026 1933 1078 Quam-

218 1119 378 1172 quam
417 1101 470 1171 (fi
505 1101 650 1169 licet)
693 1101 760 1154 de
794 1101 969 1154 fronte
1003 1099 1262 1154 dissentio,
1335 1099 1478 1150 Nam
1505 1109 1562 1150 et
1598 1096 1936 1168 complodere

128 1201 200 1239 124
220 1190 408 1224 manus
459 1171 723 1238 scenicum
773 1173 861 1237 est,
903 1182 959 1224 et
1003 1171 1187 1243 pestus
1235 1169 1456 1223 caedere.
1529 1168 1669 1221 Illud
1719 1186 1933 1239 quoque

219 1261 334 1295 raro
351 1253 385 1284 -ω
411 1242 640 1309 decebit,
669 1262 795 1296 cava
818 1261 984 1295 manu
1015 1241 1231 1296 summis
1256 1240 1440 1311 digitis
1464 1239 1650 1311 pestus
1674 1249 1934 1310 appetere,

219 1313 255 1365 fi
294 1314 506 1384 quando
544 1316 747 1367 nosmet
786 1313 922 1385 ipsos
963 1313 1313 1385 alloquemur,
1353 1310 1712 1374 cohortanteS,
1757 1309 1938 1380 objur-

219 1397 431 1455 ganteS,
459 1385 794 1438 miserantes:
835 1385 980 1456 quod
1019 1382 1291 1455 fifquando
1322 1381 1413 1434 fiet
1433 1392 1476 1444 ¹¹,
1503 1393 1687 1453 togam
1721 1398 1938 1452 quoque

219 1454 347 1512 inde
369 1457 622 1508 removeri
650 1474 755 1508 non
780 1455 1008 1508 decebit.
1082 1457 1146 1507 In
1183 1453 1407 1526 pedibus
1440 1452 1776 1505 observantur
1792 1462 1812 1483 ⁰
1836 1452 1936 1503 sta-

219 1535 311 1578 tus
332 1535 390 1579 et
415 1526 655 1580 incessus.
733 1525 938 1579 Prolato
963 1526 1151 1579 dextro
1183 1527 1327 1595 stare,
1353 1535 1409 1576 et
1440 1523 1681 1576 eamdem
1721 1541 1938 1576 manum

132 1623 201 1666 ¹25
222 1615 284 1649 ac
309 1596 495 1668 pedem
525 1599 769 1668 proferre,
794 1597 1030 1650 deforme
1060 1598 1148 1650 est.
1219 1597 1285 1647 ·In
1313 1595 1559 1647 dextrum
1588 1594 1894 1647 incumbere
1915 1605 1938 1637 Ρ

222 1667 432 1720 interim
458 1668 631 1733 datur,
654 1669 740 1722 sed
767 1687 921 1740 aequo
944 1668 1156 1740 pe&ore
1178 1688 1192 1719 ε
1231 1667 1324 1738 qui
1350 1677 1529 1718 tamen
1561 1666 1797 1718 comicus
1822 1684 1936 1718 ma-

266 1738 329 1804 is,
355 1758 514 1821 quam
539 1740 797 1792 oratorius
821 1739 994 1811 gestus
1018 1739 1109 1792 est.
1137 1738 1284 1791 Male
1306 1738 1462 1790 etiam
1488 1738 1542 1790 in
1570 1736 1820 1789 sinistrum
1845 1755 1939 1807 pe-

224 1758 344 1862 §em
374 1810 708 1864 insistentium
728 1811 909 1864 dexter
924 1820 946 1852 ‘¹
969 1821 1063 1863 aut
1079 1809 1339 1863 attollitur
1351 1820 1388 1875 ³,
1408 1819 1501 1861 aut
1518 1808 1737 1861 summis
1756 1808 1941 1880 digitis

224 1880 567 1951 suspenditur.
635 1882 884 1935 Varicare
907 1880 1321 1953 supramodum,
1347 1880 1474 1933 etin
1500 1878 1676 1932 stando
1703 1879 1942 1932 deforme

134 1971 205 2013 126
228 1952 315 2017 est,
340 1963 414 2018 et,
441 1953 726 2006 accedente
759 1963 931 2018 motu,
962 1971 1124 2024 prope
1158 1951 1464 2005 obscenum.
1540 1951 1800 2003 Procurfio
1840 1969 1941 2022 op-

223 2034 468 2094 portuna,
495 2025 687 2090 breviS,
718 2024 1008 2089 moderata,
1040 2043 1171 2077 rara.
1247 2022 1584 2076 Conveniens
1622 2022 1783 2075 etiam
1822 2041 1941 2074 am-

224 2093 427 2148 bulatio
451 2095 712 2167 quaedam,
739 2105 951 2166 propter
981 2094 1294 2148 immodicas
1330 2091 1693 2146 laudationum
1730 2111 1905 2146 moras
1923 2114 1939 2145 ε

224 2184 548 2238 quamquam
577 2167 765 2219 Cicero
789 2186 960 2219 rarum
984 2167 1226 2238 incffcm,
1253 2183 1426 2235 neque
1461 2164 1534 2217 ita
1568 2164 1791 2236 longum
1818 2183 1942 2234 pro-

225 2237 335 2290 bat.
409 2237 706 2290 Discursare
747 2256 888 2302 vem,
926 2247 1000 2301 et,
1031 2237 1178 2308 quod
1217 2236 1492 2290 Domitius
1533 2234 1666 2287 Afer
1703 2235 1770 2287 de
1813 2237 1944 2288 Sura

224 2307 437 2362 Manlio
463 2307 615 2374 dixit,
624 2311 885 2382 satagere,
913 2308 1316 2380 ineptiffimum:
1358 2308 1662 2379 urbaneque
1696 2306 1903 2359 Flavius
1925 2315 1943 2338 ⁸

279 2462 300 2489 ²²
329 2478 400 2503 om.
420 2464 472 2504 G.
568 2461 578 2487 ¹
603 2465 827 2515 indignatos
846 2464 898 2503 G.

224 2517 332 2557 Jens.
441 2524 458 2542 ¹²
491 2518 561 2558 fiat
580 2519 630 2558 id.

231 2575 249 2597 ¹
279 2571 431 2611 tollitur
448 2573 554 2612 Jens.

997 2462 1008 2488 ¹
1028 2462 1427 2514 pedum—supplofio
1445 2476 1512 2501 om.
1533 2462 1586 2501 G.
1600 2461 1706 2501 Jens.

740 2525 758 2542 υ
788 2519 1012 2557 observatur
1030 2518 1082 2558 id.
1190 2523 1209 2551 Ρ
1235 2517 1494 2570 procumbere
1513 2515 1566 2556 id.

663 2578 677 2597 ⁵
711 2571 854 2612 Flavus
871 2572 976 2612 Jens.

1802 2465 1834 2486 ¹¹¹
1858 2473 1945 2501 rara

1686 2521 1705 2548 ‘³
1737 2515 1873 2555 dextre
1890 2516 1943 2557 G-

227 2707 367 2749 temtis
387 2721 483 2763 quae
512 2707 619 2750 circa
637 2722 711 2751 nos
732 2708 843 2758 sunt,
859 2705 1045 2765 sttpert‘o-

227 2778 284 2807 ra
306 2765 354 2820 (a
368 2766 500 2822 stcpra
524 2767 647 2808 etiam
663 2765 855 2824 supinum
873 2765 946 2808 effe
967 2780 1045 2824 pu-

230 2823 296 2877 to)
328 2822 490 2865 tantum
519 2823 707 2880 speerare.
740 2824 842 2866 Vid.
864 2822 982 2881 supra
1013 2823 1041 2866 s.

232 2881 287 2935 69
309 2890 351 2922 et
370 2884 443 2923 82.

295 2952 394 2980 122.
423 2938 469 2981 in
499 2938 697 2991 Oratore]
730 2939 839 2996 Cap.
873 2942 943 2988 18,
972 2938 1049 2981 ubi

233 3003 365 3038 totam
384 2997 435 3038 de
462 2996 571 3054 gestu
602 2997 831 3039 dofftrinam
859 2997 918 3039 ita
937 3011 1050 3038 com·

235 3052 441 3110 pleffitur.
490 3056 631 3097 Status
657 3057 812 3097 ereans
829 3062 870 3096 et
895 3053 1015 3112 celsus
1032 3073 1046 3096 e

234 3125 361 3155 rarus
389 3110 562 3168 imeffas,
594 3126 664 3153 nec
690 3111 752 3154 ita
779 3112 916 3168 longus
930 3130 944 3154 .·
977 3125 1051 3154 ex-

236 3168 357 3223 cursio
375 3170 601 3219 moderata,
622 3183 749 3226 eaque
767 3183 902 3212 rara.-
939 3168 1052 3212 nulla

237 3225 407 3281 mollitia
425 3227 650 3276 cervicum,
669 3227 790 3270 nullae
816 3227 1054 3284 argutiae—

225 3283 422 3340 flexione,
447 3282 603 3326 brachii
625 3284 863 3342 projeeffione
888 3285 932 3327 in
958 3299 1050 3327 con-

236 3341 488 3391 tentionibus,
514 3342 777 3384 contraaione
802 3340 845 3384 in
873 3341 1050 3395 remiffis.

240 3399 354 3442 Illud
388 3399 559 3441 alterum
586 3399 638 3449 de
669 3398 838 3443 callidio
867 3414 919 3442 an
939 3399 1052 3442 Cali-

238 3455 344 3498 dio?
373 3457 427 3500 est
455 3457 498 3499 in
522 3457 655 3499 Bruto
674 3471 713 3499 c.
739 3461 810 3507 80,
830 3456 944 3500 locus
964 3458 1054 3501 lane

241 3514 507 3564 suaviffimus,
527 3529 657 3570 quern.
678 3523 814 3557 totum
844 3515 1054 3572 inspicere,

238 3571 268 3615 fi
286 3571 447 3629 elegans
467 3586 526 3624 es,
544 3571 705 3615 differre
725 3572 825 3615 noli.
874 3573 1056 3631 Respicit

1126 2707 1252 2751 etiam
1271 2707 1430 2750 Fabius
1447 2705 1594 2749 deinde
1613 2705 1644 2749 s.
1670 2721 1688 2747 1
1700 2721 1721 2760 5
1730 2721 1771 2761 5.

1190 2781 1290 2820 125.
1314 2772 1438 2822 prope
1465 2763 1684 2820 obscenum]
1726 2766 1802 2808 An
1832 2764 1946 2821 quod

1128 2823 1179 2867 fic
1199 2824 1394 2867 denudari
1425 2821 1584 2879 poffunt
1609 2821 1772 2865 facilius
1795 2833 1947 2880 parteS‚

1130 2896 1236 2938 quas
1264 2881 1373 2924 velat
1402 2880 1568 2937 pudor?
1606 2894 1686 2924 non
1714 2890 1841 2938 puto:
1877 2890 1948 2924 tu-

1130 2940 1255 2982 nicati
1291 2939 1399 2982 enim
1431 2947 1560 2987 erant,
1590 2939 1651 2980 vel
1685 2947 1791 2981 certe
1819 2939 1948 2982 cinE‘ti

1133 2997 1424 3055 campestribus
1445 3014 1456 3037 ι
1490 2995 1552 3038 sed
1574 2996 1654 3053 ipse
1674 2997 1808 3052 gestus
1827 2997 1952 3040 habet

1132 3055 1348 3113 impudens
1369 3054 1565 3111 quiddam
1587 3064 1625 3096 et
1645 3055 1879 3098 obscenum.

1196 3115 1294 3156 126.
1333 3111 1610 3155 laudationum
1642 3114 1797 3166 moras]
1846 3114 1948 3157 Vid.

1134 3170 1186 3212 ad
1215 3171 1246 3213 s.
1272 3186 1370 3214 121.
1403 3170 1562 3213 Rarum
1593 3169 1772 3225 inccffum
1801 3171 1952 3228 probat

1136 3227 1272 3271 Cicero
1301 3228 1391 3270 loco
1410 3228 1543 3270 -modo
1561 3227 1729 3270 laudato
1757 3244 1806 3270 ex
1827 3231 1950 3272 Orat.

1131 3301 1172 3328 c.
1199 3290 1268 3328 18.
1300 3285 1410 3329 Illud
1430 3286 1479 3328 de
1498 3284 1613 3342 pedis
1632 3285 1871 3341 supplostone
1894 3289 1949 3332 est

1132 3344 1182 3386 de
1202 3346 1325 3386 Orat.
1349 3357 1390 3396 3,
1415 3357 1484 3398 59.
1528 3344 1641 3385 Idem
1663 3344 1795 3386 Bruto
1816 3360 1851 3387 c.
1876 3361 1950 3398 43,

1133 3399 1508 3458 negat'frequenter
1519 3400 1588 3443 illa
1607 3400 1723 3442 usum
1742 3401 1814 3444 effe
1830 3403 1953 3445 Cras-

1135 3459 1238 3508 sum,
1265 3460 1471 3517 optimum
1500 3472 1642 3514 nempe
1676 3471 1894 3511 oratorem,
1913 3470 1955 3505 et

1135 3517 1293 3561 decoris
1315 3516 1720 3561 observantissimum.
