2320 4030
361 308 462 356 314
750 290 829 344 M.
865 293 1078 350 FABH
1113 270 1696 346 ouiNc‘r‘imANr

354 430 483 495 lius,
523 435 632 483 n‘on
675 434 884 483 tantum
926 432 978 484 se
1019 430 1213 484 debere
1253 431 1446 485 scholis
1483 432 1780 499 rhetorum,
1857 441 2081 490 uantum

355 500 667 555 Academiae
698 501 897 573 spatiis,
922 502 1224 573 frequenter
1258 502 1366 574 ipse
1397 503 1610 556 testatus
1647 505 1736 557 est.
1867 523 2002 578 eque
2023 507 2078 560 se

354 582 504 624 tanta
540 573 596 625 in
635 591 699 625 eo
736 591 990 642 umquam
1028 572 1237 626 fudisset
1271 574 1502 637 uberta&
1537 574 1570 627 fi
1607 574 1884 628 incenium
1923 577 2077 630 suum
2131 577 2139 583 ’

355 642 606 715 consepto
646 643 766 706 fori,
795 663 902 696 non
942 643 1099 713 ipsius
1143 645 1363 697 rerumh
1409 660 1610 697 naturae
1653 621 1848 699 ffnibus
1889 647 2075 700 termi-

350 713 533 773 nasset.
607 716 808 766 Verum
846 733 913 766 ex
950 714 1056 766 hoc
1089 715 1192 767 alia
1227 714 1363 767 mihi
1400 716 1616 787 quaestio
1654 717 1908 782 exoritur,
1954 736 2076 789 quae
2123 763 2126 766 ,

349 784 490 838 secta
513 785 748 838 conferre
774 785 1064 856 plurimum
1089 786 1407 856 eloquentiae
1432 786 1614 858 poffit:
1654 806 1975 860 quamquam
2012 807 2077 842 ea

350 873 460 908 non
488 856 626 908 inter
653 855 875 908 multas*
911 857 1077 926 potest
1110 857 1211 909 effe
1247 857 1541 909 contentio·
1615 859 1761 911 Nam
1799 858 1851 910 in
1890 859 2074 930 primis
2094 870 2166 922 24

350 945 448 979 nos
486 927 736 999 Epicurus
761 946 792 978 a
816 926 865 978 se
889 925 1026 998 ipse¹
1063 926 1313 992 dimittit,
1338 928 1431 998 qui
1465 927 1652 999 fugere
1675 947 1888 982 omnem
1916 930 2071 984 disci-

348 997 550 1068 plinam
587 997 928 1069 navigatione
969 1007 1187 1068 quarnm
1230 998 1590 1050 velociffimafl
1623 999 1801 1071 jubet.
1877 1002 2075 1074 Neque

348 1086 474 1120 vero
518 1067 824 1140 Aristippus,
868 1068 1133 1121 summum
1170 1068 1227 1123 in
1270 1068 1545 1140 voluptate
1593 1071 1824 1142 corporis
1865 1072 2072 1127 bonum

348 1142 572 1209 pon‘enS,
599 1139 664 1191 ad
699 1139 844 1192 hunc
875 1158 971 1191 nos
1006 1139 1243 1192 laborem
1279 1138 1592 1193 adhortetur
1609 1154 1651 1194 ⁰.
1725 1142 1916 1212 Pyrrho
1947 1145 2072 1225 qui-

346 1210 474 1263 dem
510 1229 642 1282 quas
680 1210 734 1262 in
769 1210 875 1263 hoc
909 1228 1067 1281 opere
1094 1221 1264 1281 partes
1300 1209 1496 1264 habere
1530 1213 1713 1282 potest,
1740 1213 1828 1265 cui
1859 1213 2073 1285 judices

346 1281 466 1345 effe,
493 1282 631 1353 apud
671 1300 806 1353 quos
840 1283 1000 1335 verba
1035 1281 1219 1346 faciat,
1246 1293 1303 1334 et
1335 1299 1507 1346 reum,
1534 1300 1632 1352 pro
1661 1302 1773 1354 quo
1800 1285 2068 1357 loquatur,

346 1361 420 1405 et*
446 1353 705 1418 senatum,
732 1352 788 1406 in
825 1371 935 1424 quo
975 1353 1034 1405 fit
1071 1352 1296 1405 dicenda
1335 1352 1611 1418 sententia,
1644 1373 1752 1406 non*
1795 1354 2064 1427 liquebit?

347 1422 671 1479 Academiam
711 1423 927 1495 quidam
950 1435 973 1466 Ρ
1011 1423 1332 1478 utiliflimam
1376 1424 1627 1489 credunt,
1660 1426 1806 1497 quod
1847 1446 1964 1481 mos
2011 1429 2068 1482 in
2090 1436 2157 1494 25

345 1505 632 1566 utramque
667 1506 869 1568 partem
906 1494 1182 1548 differendi
1217 1494 1284 1548 ad
1318 1495 1752 1550 exercitationem
1786 1497 2070 1554 forensium

346 1566 634 1619 causs'arum
671 1566 908 1637 proxime
942 1566 1178 1621 accedat.
1251 1565 1533 1638 Adjiciunt
1555 1567 1688 1620 .loco
1723 1566 2070 1639 probationiS,

345 1636 493 1708 quod
519 1655 579 1690 ea
610 1637 1040 1710 praestantiffimos
1072 1638 1128 1690 in
1155 1636 1461 1708 eloquentia
1486 1638 1624 1693 viros
1649 1639 1890 1694 ediderit.
1964 1643 2066 1694 Pe-

342 1708 592 1779 ripatetici
616 1709 782 1762 studio
807 1727 1021 1790 quoque
1045 1708 1096 1761 se
1121 1708 1357 1780 quodam
1382 1709 1850 1781 oratoriojachmt.
1922 1713 2068 1768 Nam

344 1779 520 1834 theses
558 1779 735 1833 dicere
769 1779 1162 1833 exerc1tationis
1197 1779 1370 1851 gratia
1405 1779 1514 1832 fere
1549 1781 1618 1833 est
1654 1782 1719 1834 ab
1747 1781 1832 1834 his
1857 1782 2063 1838 institu-

344 1858 485 1904 tum.
563 1851 729 1916 Stoici,
774 1851 902 1903 sicut
950 1851 1157 1921 copiam
1208 1852 1542 1922 nitoremque
1587 1851 1910 1924 eloquentiae
1956 1855 2066 1910 fere
2089 1851 2158 1905 25

343 1923 755 1992 praeceptoribus
780 1922 885 1975 suis
909 1921 1125 1976 defuisse
1151 1922 1469 1984 concedant,
1492 1922 1691 1976 necefl'e
1715 1925 1806 1990 est,
1832 1925 1907 1978 ita
1940 1927 2065 1980 nul-

337 1991 421 2046 los
459 2004 551 2046 aut
591 1995 810 2062 probare
851 1993 1041 2058 aerim,
1076 2004 1168 2046 aut
1200 1992 1518 2046 concludere
1551 1993 1799 2048 subtilius
1838 2009 2063 2051 conten-

341 2063 497 2116 dunt.
573 2065 680 2116 Sed
712 2065 831 2118 haec
864 2064 1003 2118 inter
1040 2065 1195 2135 ips03‚
1221 2064 1314 2135 qui
1349 2064 1494 2118 velut
1518 2062 1838 2120 sacramento
1871 2072 2064 2142 rogati,

338 2134 426 2187 vel
453 2135 614 2188 etiam
649 2135 1010 2206 superstitione
1042 2134 1325 2200 constricti,
1352 2135 1496 2188 nefas
1528 2136 1735 2190 ducunt
1769 2157 1799 2190 a
1829 2139 2067 2211 suscepta

338 2205 501 2259 semel
524 2218 545 2250 ‘i
582 2206 907 2278 persuafione
941 2206 1225 2260 discedere.
1300 2206 1516 2260 Oratori
1548 2226 1671 2260 vero
1703 2208 1838 2262 nihil
1862 2212 1932 2278 est
1967 2231 2061 2265 ne-

338 2277 471 2330 ceffe
494 2277 548 2330 in
575 2277 882 2349 cujusquam
906 2277 1087 2349 jurare
1111 2278 1277 2348 legeS.
1318 2306 1322 2308 *
1352 2277 1532 2349 Majus
1558 2279 1699 2332 enim
1725 2282 1794 2332 est
1818 2299 1952 2352 opus
1976 2294 2060 2336 at·
2085 2290 2150 2348 27

339 2366 446 2419 que
481 2349 828 2418 praestantius3
867 2349 935 2402 ad
971 2349 1116 2420 quod
1140 2349 1247 2419 ipse
1287 2348 1481 2413 tendit,
1525 2360 1579 2402 et
1614 2350 1767 2422 cujus
1804 2354 1875 2404 est
1916 2354 2063 2408 velut

339 2419 672 2485 candidatuS,
710 2421 741 2472 fi
826 2420 1001 2472 uidem
1050 2421 1122 2472 est
1158 2419 1367 2477 futurus
1410 2439 1534 2473 cum
1573 2421 1716 2486 vitae,
1745 2434 1861 2476 tum
1898 2426 2061 2478 etiam

338 2489 662 2561 eloquentiae
703 2490 793 2543 lau
831 2510 860 2544 e
901 2490 1185 2562 perfectu&
1261 2491 1443 2544 Quare
1480 2492 1536 2543 in
1579 2493 1879 2565 exemplum
1923 2497 2060 2549 bene

339 2560 553 2614 dicendi
577 2561 1000 2616 facundiffimum
1025 2580 1297 2635 quemque
1320 2572 1581 2634 proponet
1615 2564 1707 2617 fibi
1743 2565 1812 2619 ad
1837 2566 2058 2620 imitan-

338 2728 339 2731 Ἴ
394 2741 415 2767 ⁸
445 2757 515 2782 om.
534 2744 588 2784 G.
695 2739 705 2767 ³
738 2742 889 2781 multos
905 2744 1011 2782 Jens.
1119 2743 1133 2775 l
1160 2744 1243 2795 ipso
1262 2744 1313 2783 G.
1423 2749 1454 2771 ¹¹¹
1479 2745 1586 2797 quasi
1608 2746 1660 2786 G.
1769 2753 1788 2772 ¹¹
1818 2748 2060 2797 velociffirne

339 2796 391 2836 G.
409 2797 515 2836 Jens.
625 2801 644 2822 ⁶
674 2798 853 2837 hortetur
868 2798 976 2842 Jens.
1081 2803 1102 2832 P
1128 2800 1293 2850 quidem
1312 2798 1365 2838 id.
1474 2806 1492 2832 ‘¹
1526 2801 1693 2840 demum
1714 2801 1764 2841 G.

399 2970 468 3010 24.
503 2956 703 3013 Epicurus
728 2971 757 2998 α
772 2958 822 3014 st
849 2955 1040 3012 dimittit]
1071 2959 1157 3016 Qi
1237 2960 1492 3017 Empiricus.

338 3014 563 3070 neglexerit
580 3014 772 3058 orationis
797 3024 1038 3058 ornamenta
1057 3019 1153 3060 Cic.
1299 3034 1320 3060 2
1330 3033 1370 3072 5.
1392 3019 1928 3078 'praestantiffi‘mos-—virofl
1960 3025 2058 3068 Pla-

336 3074 388 3115 de
409 3073 512 3116 Pin.
549 3090 588 3123 1,
614 3089 655 3127 5,
676 3075 748 3128 qui
777 3075 902 3115 etiam
934 3073 1058 3116 Brut.
1085 3090 1154 3129 35,
1237 3083 1376 3118 tonem
1406 3078 1541 3133 prImo
1573 3080 1722 3136 ipsum,
1759 3082 1903 3137 (quem
1936 3084 2056 3126 audi-

337 3132 566 3188 Epicureos
590 3130 751 3173 minime
777 3138 917 3187 aptum
935 3132 996 3173 ad
1021 3132 1156 3176 dicen-
1236 3134 1330 3177 viffe
1345 3135 1467 3177 modo
1479 3135 1638 3178 dicium
1652 3138 1706 3180 est
1722 3139 2054 3196 Demosthenem)

334 3191 431 3232 dum
443 3204 574 3245 genus
592 3203 613 3229 a
647 3189 786 3246 pellat.
1236 3201 1328 3235 tum
1359 3193 1627 3245 Carneadem,
1647 3196 1862 3254 ipsumque
1887 3199 2059 3241 Cicero-

395 3262 467 3299 24.
499 3248 606 3306 Pyrr
633 3247 674 3300 o]
708 3248 859 3290 Artem
888 3262 986 3290 vero
1013 3247 1151 3305 impu-
1233 3263 1344 3292 nem.

311 3305 473 3354 denter
491 3305 684 3362 negandi,
701 3315 741 3346 et
759 3305 1045 3362 oppugnandi,
1058 3321 1153 3362 quae
1295 3323 1369 3361 25.
1402 3308 1684 3366 Peripatetici]
1716 3312 1823 3371 Qis
1851 3314 1963 3356 enim
1989 3313 2055 3358 vel

333 3361 548 3405 manifesta
570 3363 761 3405 videntur
779 3365 887 3414 aliis,
907 3378 1027 3405 nemo
1046 3363 1153 3408 forte
1233 3365 1286 3407 de
1305 3368 1498 3409 Oratoria
1527 3378 1612 3409 arte
1640 3369 1786 3412 melius
1815 3370 1966 3427 scripsit
1983 3373 2055 3415 A·

331 3419 494 3463 felicius
529 3421 745 3464 docueritz
796 3430 837 3463 et
883 3422 973 3463 sane
1021 3422 1153 3465 multa
1234 3423 1422 3475 ristotele,
1460 3434 1533 3466 aut
1567 3425 1852 3484 Theophrasto
1887 3428 2054 3473 locutus

331 3478 609 3535 suppeditabit
648 3479 690 3521 in
727 3487 947 3534 utramque
994 3489 1153 3536 partem
1235 3481 1308 3527 effe
1325 3481 1552 3541 elegantius
1571 3491 1774 3542 putatur?

330 3536 538 3594 disputare
575 3537 731 3581 amanti
769 3537 954 3595 praefidia
1003 3538 1151 3582 Sextus
1745 3538 1753 3543 ”
