2320 4030
364 326 457 371 130
743 305 820 356 M.
856 302 1070 356 FABII
1106 305 1686 357 QUINCTILIANI

361 446 417 500 in
456 444 604 499 omni
639 443 891 516 palaestra,
914 443 1047 516 quid
1083 442 1204 496 satis
1229 443 1373 497 reete
1408 452 1624 497 cavetur
1659 461 1720 496 ac
1751 442 1970 514 petitur,
1994 439 2084 498 cui

362 536 469 570 non
494 515 684 570 artifex
716 526 913 582 motuS‚
941 525 997 567 et
1027 515 1159 568 certi
1198 514 1420 586 quidam
1455 514 1615 586 pedes
1652 514 1858 566 adfint?
1902 516 2083 570 Quare
2104 535 2142 589 9

361 586 532 642 inihi¹
571 585 947 659 compositione
984 602 1199 639 vELu'r
1238 585 1466 638 amentis
1500 585 1816 660 quibusdam
1853 585 2088 639 nervisve

357 657 572 720 ,intendi
610 668 666 712 et
699 656 954 711 concitari
991 655 1264 710 sententiae
1301 655 1563 723 videntur.
1639 655 1770 709 Ideo
1803 655 2086 710 eruditiffi-

363 750 456 784 mo
493 730 687 800 cuique
722 727 1015 800 persuasum
1051 729 1139 793 est,
1178 727 1352 780 valere
1389 746 1504 780 eam
1528 738 1560 760 “¹
1603 727 2086 799 quamplurimum,

364 803 475 868 non
512 801 582 854 ad
605 799 1016 854 deletstationem
1042 797 1223 863 mod0,
1249 797 1339 852 sed
1363 798 1430 851 ad
1466 808 1677 852 motum
1715 816 1932 870 quoque
1965 799 2087 854 ani-

364 891 598 927 morum.
674 870 934 936 Primum,
958 869 1084 942 quia
1107 869 1242 923 nihil
1265 868 1456 922 intrare
1481 870 1647 941 potest
1682 868 1736 921 in
1774 869 2025 926 affectum
2043 882 2088 935 ¹‘‚
2115 886 2183 923 10

407 944 515 998 uod
548 943 604 996 in
635 960 780 1006 aure,
807 958 1021 995 VELUT
1057 940 1290 1013 quodam
1330 940 1608 1005 vestibulo,
1637 940 1807 993 statim
1844 939 2088 993 offendit.

426 1013 600 1079 einde,
627 1012 775 1085 quod
818 1021 1004 1065 natura
1045 1011 1292 1066 ducimur
1327 1010 1395 1064 ad
1431 1011 1640 1064 modos,
1711 1012 1910 1082 Neque
1945 1009 2093 1064 enim

369 1086 522 1139 aliter
547 1084 805 1148 eveniret,
829 1093 892 1136 ut
913 1082 1234 1155 illiquoque
1257 1083 1575 1153 organorum
1608 1081 1740 1147 soni,
1766 1099 2092 1154 quamquam

369 1157 533 1210 verba
572 1174 678 1208 non
717 1154 1040 1225 exprimunt,
1072 1153 1128 1206 in
1164 1154 1296 1206 alios
1334 1166 1512 1206 tamen
1547 1164 1709 1223 atque
1742 1152 1873 1205 alios
1913 1163 2094 1206 motus

369 1228 625 1282 ducerent
659 1225 979 1280 auditorem.
1055 1227 1118 1278 In
1156 1224 1535 1279 certaminibus
1566 1223 1723 1276 sacris
1755 1242 1863 1276 non
1901 1224 2092 1277 eadem
2119 1241 2181 1279 ιι

370 1299 577 1353 ratione
600 1297 874 1352 concitant
895 1297 1104 1350 animos
1128 1314 1192 1350 ac
1215 1295 1498 1349 remittunt
1521 1315 1534 1347 ι
1575 1313 1674 1349 nec
1697 1294 1907 1348 eosdem
1925 1305 1946 1328 ⁰
1972 1313 2093 1348 rno-

360 1368 470 1440 'dos
495 1369 771 1434 adhibent,
797 1387 922 1422 cum
946 1367 1202 1423 bellicum
1229 1368 1299 1420 est
1332 1366 1651 1433 canendum,
1679 1375 1735 1418 et
1769 1385 1893 1418 cum
1929 1366 2099 1436 pofito

370 1461 521 1516 genu
551 1439 985 1513 supplicandum:
1033 1458 1134 1492 nec
1164 1438 1309 1491 idem
1346 1439 1611 1510 fignorum
1651 1447 1982 1490 concentus?
2024 1437 2098 1490 est

327 1539 329 1542 ’
370 1513 692 1586 procedente
727 1511 796 1564 ad
837 1510 1080 1581 praelium
1115 1510 1373 1573 exercitu,
1410 1508 1552 1561 idem
1591 1508 1827 1579 receptui
1863 1527 2096 1569 carmen.

377 1582 724 1656 Pythagoreis
750 1594 894 1635 certe
918 1581 1082 1634 moris
1106 1579 1230 1646 fuit,
1257 1592 1332 1645 et,
1355 1599 1479 1632 cum
1516 1580 1862 1651 evigilassem,
1889 1579 2097 1633 animos
2124 1597 2190 1638 12

372 1656 439 1709 ad
463 1655 634 1728 lyram
659 1653 909 1719 excitare,
935 1671 1045 1724 quo
1069 1651 1234 1704 effent
1255 1652 1322 1704 ad
1351 1651 1622 1723 agendum
1666 1651 1945 1704 erectiores
1968 1671 1982 1703 :
2021 1662 2098 1716 et,

373 1746 498 1780 cum
538 1728 783 1779 somnum
822 1734 1080 1794 peterent,
1106 1722 1173 1775 ad
1208 1723 1450 1775 eamdem
1490 1722 1634 1793 prius
1668 1721 1834 1776 lenire
1873 1733 2100 1788 menteS,

372 1808 455 1867 ut,
490 1797 525 1850 fi
567 1795 702 1868 quid
738 1791 913 1848 fuiffet
954 1793 1313 1848 turbidiorum
1353 1793 1764 1866 cogitationum,
1806 1812 2099 1863 compone-

335 1924 338 1932 ,
372 1879 512 1923 rent.
589 1866 756 1921 Quod
797 1864 829 1918 fi
872 1865 1110 1919 numeris
1147 1875 1203 1917 et
1238 1864 1412 1917 modis
1446 1864 1576 1916 inest
1615 1865 1863 1935 quaedam
1898 1865 2099 1917 tacitaq
2126 1883 2190 1940 13

373 1934 475 2006 ἦνὶε,
502 1940 555 1992 in
594 1939 834 1991 oratione
859 1941 930 1992 est
951 1947 966 1969 ‘
1003 1936 1491 1989 vehementiflima:
1530 1945 1898 2006 quantumque
1934 1936 2100 1988 inter-

375 2007 467 2077 est,
492 2009 668 2064 seusus
705 2009 852 2062 idem
891 2007 1086 2080 quibus
1127 2008 1302 2060 verbis
1341 2007 1587 2059 efferatur
1609 2015 1647 2072 ⁸,
1685 2018 1916 2071 tantum,
1943 2008 2106 2060 verba

376 2083 562 2138 eadem
590 2099 697 2153 qua
731 2079 1228 2151 compofitione'vel
1264 2078 1319 2131 in
1355 2078 1503 2131 exitu
1536 2078 1855 2149 jungantur,
1879 2077 1964 2130 vel
1999 2078 2105 2131 fine

376 2153 713 2207 claudantur.
787 2153 931 2205 Nam
959 2149 1204 2221 quaedam
1230 2160 1283 2202 et
1312 2148 1600 2202 sententiis¹
1620 2167 1798 2219 parva,
1825 2159 1879 2201 et
1915 2148 2104 2203 elocu-

375 2225 528 2278 tione
576 2223 808 2289 modica,
858 2222 1026 2274 virtus
1073 2222 1191 2273 haec
1250 2220 1362 2274 sola
1421 2219 1783 2273 commendat.
1854 2216 2106 2292 Denique
2131 2245 2198 2298 14

419 2296 526 2348 uod
575 2295 772 2365 cuique
818 2294 986 2346 visum
1034 2293 1136 2344 erit
1181 2291 1546 2357 vehementer,
1595 2290 1844 2356 dulciter,
1882 2290 2108 2362 speciose

377 2316 608 2434 dictum,
632 2365 798 2418 solvat
836 2371 920 2417 ett
964 2364 1176 2416 turbet:
1217 2363 1413 2423 abierit
1451 2362 1625 2415 omnis
1661 2361 2111 2433 viS,jucunditaS,

380 2438 559 2491 decor.
635 2436 807 2489 Solvit
841 2434 1089 2508 quaedam
1119 2433 1287 2487 suain
1313 2445 1517 2487 oratore
1556 2434 1767 2497 Cicer0,
1795 2433 1931 2486 Nam
1955 2454 2109 2506 neque

378 2506 453 2561 bne
489 2507 690 2562 divitiae
723 2517 938 2574 movent,
963 2505 1138 2580 quibus
1175 2525 1332 2559 omnes
1355 2504 1626 2577 Africanos
1663 2515 1710 2556 et
1743 2504 1929 2559 Laelios
1965 2505 2111 2559 multi

437 2691 450 2718 ¹
481 2693 524 2732 in
544 2692 611 2745 ins.
631 2693 686 2734 G.
863 2695 896 2716 ’ἢ
928 2705 999 2733 om.
1017 2691 1070 2730 G.
1233 2696 1252 2715 ¹⁸
1286 2689 1448 2730 affeetus
1468 2690 1519 2729 G.
1693 2688 1716 2710 ⁰
1746 2687 1833 2726 eod.
1856 2689 1980 2728 modo
1996 2689 2112 2728 adhi-

383 2746 530 2786 bentur
550 2749 604 2786 G.
710 2751 730 2779 Ρ
757 2753 971 2796 contentus
988 2745 1095 2784 Jens.
1203 2749 1223 2777 (ἰ
1255 2754 1369 2784 tanta
1387 2744 1439 2784 G.
1560 2747 1576 2766 ¹⁹
1607 2754 1655 2782 eo
1676 2743 1726 2782 G.
1746 2742 1853 2782 Jens.
1969 2753 1985 2776 ε
2013 2745 2112 2783 affe-

384 2810 493 2841 tatur
510 2800 616 2840 Jens.
780 2805 792 2825 t
823 2814 892 2838 om.
913 2800 965 2839 G.

437 2963 524 2993 ἐκ.
573 2947 854 3009 Pythagoreis]
901 2950 1041 2992 Locus
1079 2949 1210 2992 clasii·
1289 2947 1471 3006 deinceps
1490 2946 1641 2991 omnia.
1692 2947 1841 3004 Neque
1867 2960 1935 2989 me
1951 2946 2113 2991 divitiae

391 3023 467 3052 cus
488 3008 714 3064 jamblichi
733 3009 783 3050 de
802 3009 890 3049 vita
916 3006 1044 3065 Pyth.
1069 3022 1109 3050 c.
1133 3023 1208 3061 25.
1291 3018 1474 3056 movent,
1509 3008 1666 3063 quibus
1703 3020 1846 3047 omnes
1885 3005 2112 3049 Africanos

455 3081 528 3119 ¹4·
557 3065 601 3108 in
629 3074 791 3112 oratore
809 3065 966 3117 Cicero]
1004 3066 1111 3122 Cap.
1137 3081 1207 3116 70.
1292 3075 1332 3106 et
1354 3065 1508 3107 Laelios
1537 3063 1661 3106 multi
1689 3063 1881 3106 venalicii
1909 3073 2113 3105 mercato-

391 3140 415 3167 e
448 3139 533 3182 quo
558 3123 652 3167 loco
677 3123 787 3166 hunc
815 3124 935 3166 Fabii
962 3122 1212 3180 interpolasse
1292 3124 1433 3179 resque
1466 3123 1722 3179 superarunt.
1786 3122 1963 3163 Immuta
1988 3121 2114 3178 paul-

394 3184 548 3241 aliquis
575 3183 757 3226 videtur.
806 3182 1063 3239 Apparebit,
1089 3181 1114 3223 fi
1151 3182 1211 3223 10-
1293 3179 1392 3231 lum,
1412 3190 1456 3222 ut
1463 3180 1535 3235 stt,
1556 3179 1679 3223 multi
1699 3179 1938 3236 superarunt
1957 3194 2114 3223 merca-

395 3256 495 3284 cuin
513 3253 738 3298 ponamus:
771 3242 985 3297 Quantum
1003 3249 1140 3281 autem
1157 3238 1214 3293 stt
1294 3247 1402 3280 tores
1421 3238 1692 3293 venaliciique
1706 3255 1719 3280 ε
1736 3236 1909 3293 perierit
1925 3245 2011 3280 tota
2029 3252 2112 3282 res.

395 3305 493 3354 apte
518 3298 667 3347 dicere,
683 3297 866 3354 experiri
881 3296 988 3347 licet,
1004 3296 1048 3352 st
1062 3304 1212 3353 compo·
1297 3296 1445 3352 Igitur(
1470 3305 1578 3338 certe
1612 3295 1700 3345 illa,
1737 3310 1832 3352 quae
1867 3310 1892 3338 a
1926 3296 2116 3351 jensonio

383 3356 458 3411 fiti
490 3356 661 3400 oratoris
693 3355 791 3398 bene
807 3356 1015 3414 struerem
1048 3355 1214 3397 colloca·
1287 3355 1433 3396 *omitti
1451 3353 1714 3408 ostendimus,
1731 3367 1816 3396 non
1845 3350 2118 3411 frustra‘puto

391 3414 542 3457 ‘tionem
559 3413 751 3471 dg'ffolvas
775 3413 1074 3470 permutatione
1106 3426 1214 3455 ver·
1295 3411 1441 3455 abeffe.
1491 3411 1616 3470 Qod
1644 3411 1694 3453 de
1715 3409 1908 3454 Graccho
1933 3411 2116 3466 subjicit,

397 3473 538 3514 borum
555 3490 567 3514 ε
599 3478 884 3529 corrumpatur
904 3469 1010 3512 enim
1028 3478 1113 3513 tota
1130 3485 1212 3519 res,
1295 3470 1350 3511 est
1369 3470 1510 3513 eodem
1532 3470 1623 3512 loco
1641 3469 1872 3520 Ciceronis,
1890 3478 1935 3514 et
1962 3470 2118 3513 senten-

385 3531 445 3572 'ut
476 3538 517 3573 et
549 3528 634 3573 haec
660 3530 793 3586 nostra
821 3529 866 3572 in
894 3528 1156 3579 Corneliana,
1173 3536 1216 3572 et
1296 3528 1400 3572 tiam
1418 3527 1593 3572 nostram
1610 3526 1844 3571 confirmat.
