2320 4030
315 352 416 413 326
682 349 763 403 M.
795 350 1002 403 FABII
1045 350 1614 405 QUINCTILIANI

315 493 494 540 orator
527 484 780 552 inveniet,
809 506 930 560 quae
953 486 1212 560 litigatori
1248 488 1301 540 in
1328 497 1569 540 neutram
1602 494 1804 556 partem
1842 484 2038 540 habere

318 567 656 611 momentum
694 558 1025 612 videbantur.
1097 561 1221 613 Nec
1261 569 1411 611 tanta
1444 560 1507 611 fit
1545 557 1728 610 acturo
1768 557 2039 610 memoriae

319 627 538 694 fiducia,
561 639 623 681 ut
659 629 977 683 subscribere
1013 630 1194 682 audita
1228 629 1431 701 pigeat.
1502 630 1624 681 Nee
1655 627 1816 680 semel
1846 626 2040 680 audisse

318 697 382 751 fit
403 698 556 753 satist
597 700 871 771 cogendus
895 701 1079 752 eadem
1105 701 1297 753 iterum
1323 719 1384 752 ac
1410 700 1601 771 saepius
1622 696 1829 751 'dicere1
1854 697 2040 770 litiga-

318 777 441 836 tor3
468 789 576 824 non
600 770 767 824 solum
793 771 918 841 quia
941 770 1174 843 effugere
1197 771 1374 842 aliqua
1399 770 1572 842 prima
1597 769 1919 840 expolitione
1943 787 2042 839 po-

318 849 559 905 tuerunt,
583 841 864 911 praesertim
903 842 1174 894 hominem
1221 841 1392 912 (quod
1426 841 1558 913 saepe
1587 840 1782 908 evenit)
1825 839 2042 910 imperi-

318 921 474 977 tum3
514 911 600 964 sed
640 913 822 976 etiam,
866 923 928 964 ut
962 912 1208 977 sciamUS‚
1251 932 1319 964 an
1362 912 1546 965 eadem
1587 910 1750 963 dicat.
1826 909 2101 986 Plurimi9

319 982 468 1035 enim
492 982 843 1048 mentiuntur,
868 993 942 1047 et,
970 994 1244 1053 tamquam
1278 1002 1386 1035 non
1423 983 1649 1035 doceant
1685 982 1930 1046 caussam,
1958 981 2049 1034 sed

322 1062 505 1126 agant,
532 1071 638 1105 non
678 1063 738 1105 ut
774 1072 896 1106 cum
924 1063 1166 1124 patrone,
1191 1053 1278 1106 sed
1305 1055 1398 1106 ut¹
1441 1072 1563 1106 cum
1599 1052 1782 1122 judice
1817 1052 2051 1124 loquun-

322 1134 414 1177 tur
433 1133 490 1177 Ψ.
565 1125 782 1195 Quapro
822 1135 904 1178 ter
947 1143 1242 1195 numquam
1286 1124 1406 1176 satis
1454 1123 1778 1176 credendum
1827 1125 1917 1187 est,
1961 1121 2053 1175 sed

323 1193 610 1266 agitandus
648 1143 901 1248 omnibus
938 1195 1134 1258 modiS,
1160 1207 1216 1248 et
1252 1195 1564 1257 turbandus,
1595 1205 1650 1246 et
1685 1193 1987 1247 evocandus
2007 1202 2051 1246 ¹¹.

323 1267 471 1319 Nam
502 1283 584 1319 υτ
609 1266 832 1318 medicis
857 1285 963 1319 non
990 1265 1294 1337 apparentia
1319 1267 1480 1319 modo
1507 1266 1634 1317 vitia
1659 1265 1890 1318 curanda
1911 1265 2050 1330 sunt,
2076 1286 2143 1323 10

324 1336 415 1390 sed
452 1337 615 1390 etiam
659 1337 992 1402 invenienda,
1021 1356 1138 1407 quae
1181 1336 1366 1402 latent,
1396 1337 1528 1408 saepe
1570 1337 1685 1407 ipfis
1725 1355 1807 1401 ea,
1844 1335 1937 1406 qui
1973 1336 2049 1388 sa-

326 1407 492 1461 nandi
528 1409 664 1472 sunt,
697 1408 1104 1473 occulentibus;
1145 1407 1220 1461 ita
1255 1407 1541 1461 advocatus
1577 1407 1744 1478 plura,
1771 1426 1931 1479 quam
1971 1407 2053 1459 os-

326 1478 640 1543 tenduntur,
668 1479 898 1561 aspiciat.
974 1479 1120 1531 Nam
1157 1497 1280 1532 cum
1308 1478 1427 1532 satis
1464 1478 1518 1531 in
1556 1479 1822 1532 audiendo
1845 1478 2053 1549 patien-

326 1550 421 1603 tiae
445 1550 783 1622 impendent,
811 1550 864 1603 in
892 1550 1047 1603 aliam
1086 1549 1260 1603 rursus
1287 1550 1335 1602 ei
1371 1549 1641 1621 personam
1678 1549 2056 1603 transeundum

329 1621 419 1687 est,
446 1621 790 1701 agendusque
827 1620 1167 1685 adversariuS,
1194 1620 1616 1692 proponendum,
1641 1619 1906 1691 quidquid
1942 1639 2059 1673 om-

330 1691 499 1744 nino⁰
540 1691 831 1762 excogitari
866 1702 1050 1744 contra
1087 1692 1271 1763 potest,
1299 1691 1562 1764 quidquid
1602 1691 1791 1763 recipit
1827 1691 1881 1743 in
1920 1690 2057 1763 ejus-

330 1761 484 1815 modi
527 1761 906 1834 disceptatione
945 1770 1150 1816 natura.
1226 1763 1642 1834 Interrogandus
1690 1781 1850 1833 quam
1902 1761 2058 1815 infes-

329 1833 538 1899 tiffime,
563 1851 626 1886 ac
649 1833 997 1905 premendus..
1065 1834 1229 1898 Nam,
1255 1832 1386 1886 dum
1410 1834 1593 1886 omnia
1624 1834 1934 1904 quaerimuS‚
1960 1832 2058 1886 ali-
2085 1857 2145 1894 11

331 1904 547 1976 quando
587 1904 655 1958 ad
697 1924 903 1970 verum,
938 1904 1034 1958 ubi
1079 1904 1303 1957 minime
1342 1901 1775 1976 e'xspthavimuS,
1824 1904 2064 1975 perveni-

331 1988 476 2028 muS.
552 1977 615 2028 In
651 1975 874 2041 summa,
902 1977 1139 2047 optimus
1175 1976 1246 2028 est
1282 1976 1336 2028 in
1372 1975 1624 2029 discendo
1645 1986 1666 2018 P
1703 1987 1954 2046 patronus
1978 1974 2062 2028 in-

335 2045 602 2100 credulus.
678 2048 949 2099 Promittit
967 2057 987 2089 ‘³
1018 2047 1160 2100 enim
1187 2046 1430 2118 litigator
1453 2047 1651 2111 omnia,
1678 2047 1859 2100 testem
1887 2065 2059 2119 popu-

333 2118 469 2182 lum,
501 2117 843 2190 paratiffimas
881 2117 1321 2190 confignationes,
1358 2117 1525 2188 ipsum
1563 2117 1793 2189 denique
1828 2117 2064 2171 adversa-

334 2189 475 2242 rium
501 2189 742 2261 quaedam
783 2208 891 2243 non
928 2200 1265 2261 negaturum.
1342 2189 1581 2260 Ideoque
1616 2206 1748 2260 opus
1772 2189 1842 2241 est
1870 2188 2061 2242 intueri
2090 2211 2154 2253 12

336 2279 498 2313 omne
534 2260 643 2313 litis
680 2260 1084 2313 instrumentum
1109 2280 1122 2313 ε
1161 2259 1308 2330 quod
1341 2258 1520 2313 videre
1544 2278 1650 2312 non
1679 2260 1750 2312 est
1774 2259 1914 2325 satiS,
1940 2278 2061 2341 per-

335 2330 629 2403 legendum
654 2331 771 2384 erit.
826 2332 969 2385 Nam
994 2331 1405 2402 frequentiffime
1429 2340 1521 2384 aut
1546 2349 1650 2383 non
1678 2331 1799 2383 sunt
1823 2349 2063 2396 ommno,

338 2412 503 2474 quae‘
555 2402 1020 2474 promittebantur,
1061 2413 1154 2454 aut
1198 2401 1377 2454 minus
1425 2403 1703 2455 continent
1724 2412 1760 2463 ⁸,
1799 2412 1891 2453 aut
1938 2420 2064 2455 cum

339 2473 449 2526 alio
487 2473 667 2546 aliquo
709 2474 983 2526 nociturot
1029 2472 1290 2543 permixta
1325 2473 1462 2538 sunt,
1502 2482 1595 2525 aut
1634 2469 1800 2524 nimia
1841 2472 1978 2538 sunt,
2011 2482 2067 2525 et

341 2543 502 2596 fidem
554 2545 658 2596 hoc
709 2544 817 2616 ipso
866 2544 1184 2610 detractura,
1225 2542 1370 2616 quod
1419 2562 1525 2596 non
1574 2544 1774 2596 habent
1819 2543 2064 2596 modum.

342 2615 594 2686 Denique
632 2614 802 2669 linum
849 2628 1089 2688 ruptum,
1130 2625 1224 2667 aut
1260 2614 1528 2668 turbatam
1551 2622 1568 2644 ⁰
1606 2633 1801 2680 ceram,
1833 2625 1927 2667 aut
1963 2614 2067 2668 fine
2093 2639 2156 2692 13

402 2786 412 2812 ³
441 2789 577 2827 dicam
597 2788 649 2827 id.
783 2786 791 2812 ¹
825 2800 894 2826 om.
914 2789 964 2826 G.
984 2788 1089 2826 Jens.
1225 2797 1259 2819 m
1289 2788 1505 2838 loquantur
1527 2789 1593 2828 fid.
1722 2794 1740 2813 ‘¹
1778 2789 1866 2828 Vid.
1885 2789 1955 2840 leg.
1975 2801 2070 2828 avo-

348 2843 515 2881 candus.
625 2848 642 2866 0
674 2843 814 2882 animo
833 2841 885 2879 G.
1010 2847 1030 2875 1>
1056 2842 1121 2880 Sic
1137 2843 1242 2881 Jens.
1262 2852 1297 2880 et
1316 2843 1411 2895 Voſjt
1435 2856 1470 2883 1.
1499 2844 1669 2882 dicendo
1687 2842 1739 2881 al.
1758 2852 1794 2881 et
1799 2844 1904 2895 saepe
1922 2844 2070 2895 carfian-

349 2897 496 2939 duntur‚
518 2904 558 2933 ut
577 2909 659 2933 mox
678 2896 728 2934 ad
744 2904 817 2934 not.
839 2906 876 2933 c.
986 2903 1002 2925 ‘¹
1038 2896 1233 2935 Permittit
1250 2896 1355 2935 Jens.
1481 2905 1497 2926 r
1527 2906 1596 2936 aut
1616 2897 1667 2935 G.
1775 2912 1786 2923 ³
1818 2899 1999 2936 continet
2017 2897 2068 2935 G.

350 2952 364 2973 ἴ
397 2949 579 2988 nocitura
597 2949 702 2988 Jens.
845 2956 868 2978 u
896 2949 1052 2987 turbata
1071 2962 1159 2988 cera
1177 2951 1228 2988 G.
1245 2951 1350 2989 Jens.
1380 2951 1547 3001 Nqstram
1566 2951 1749 2989 lemanem
1759 2951 1894 3001 probat
1910 2950 2071 3003 Salmas.

350 3003 394 3042 de
414 3003 525 3042 Modo
547 3002 657 3055 Usar.
678 3015 718 3054 p.
736 3011 830 3054 451,
852 3002 958 3042 Edit.
979 3003 1151 3054 Lugdun.
1172 3006 1318 3043 Batav.
1343 3005 1457 3056 1639.

414 3155 456 3197 9.
486 3136 741 3190 evocandus]
774 3135 869 3178 Non
894 3135 1046 3179 damno
1063 3152 1172 3180 -con-
1255 3139 1327 3181 illo
1356 3140 1506 3196 quavis
1535 3148 1621 3182 arte
1652 3153 1811 3190 verum,
1834 3148 1875 3183 et
1905 3139 2075 3182 latentia

349 3195 550 3253 Jec'turam
571 3195 691 3253 supra
711 3192 895 3252 positam,
907 3196 1168 3238 avocanduss
1254 3199 1379 3240 etiam
1398 3197 1623 3240 educenda.

355 3255 532 3313 pertinet
559 3253 668 3296 enim
689 3252 737 3293 ad
789 3251 1016 3294 rudentiam
1038 3264 1175 3295 orato-
1319 3270 1389 3296 12.
1438 3256 1544 3312 quod
1586 3270 1663 3298 non
1699 3255 1847 3297 habent
1894 3254 2074 3307 modum]

357 3313 416 3356 ris
445 3325 632 3355 avocare
659 3310 756 3368 paul
773 3324 845 3351 um
875 3309 925 3350 ad
946 3310 1026 3353 alia
1046 3311 1176 3352 inten-
1257 3313 1352 3354 Hoc
1371 3311 1425 3355 est
1456 3312 1557 3355 illud
1578 3313 1690 3370 quod
1711 3314 1838 3370 vulgo
1857 3315 1992 3362 aiunt,
2011 3312 2077 3354 ni-

358 3371 513 3415 tionem
533 3367 774 3426 litigatoris,
795 3378 842 3410 ut
872 3382 967 3409 cum
992 3382 1072 3410 non
1093 3369 1177 3410 sen·
1259 3369 1318 3412 hil
1340 3371 1524 3427 probare,
1545 3370 1573 3412 fi
1602 3372 1696 3427 quis
1718 3374 1860 3428 probet
1881 3370 2075 3413 nimium.

359 3428 441 3471 tiat
477 3426 581 3484 quid
619 3434 785 3482 agatur,
814 3424 843 3468 fi
877 3428 1075 3468 mentitus
1115 3426 1176 3476 fit,
1325 3443 1392 3480 13·
1423 3428 1549 3470 linum
1567 3430 1751 3485 ruptum]
1776 3428 2079 3471 Adfer-ibamus

361 3494 479 3528 tanto
506 3483 833 3542 deprehendatur
869 3480 1050 3527 facilius.
1104 3484 1181 3526 Sed
1263 3485 1328 3527 hic
1361 3487 1485 3528 etiam
1523 3486 1659 3528 locum
1698 3486 1902 3528 classicum
1941 3484 2079 3528 Paulli

360 3557 494 3599 neque
512 3541 746 3584 evocandus
767 3538 1073 3583 damnaverim}
1108 3557 1180 3599 po·
1263 3542 1364 3585 sent.
1390 3559 1431 3597 5,
1452 3559 1476 3585 2
1485 3559 1525 3597 5,
1552 3559 1595 3597 5,
1622 3543 1880 3599 Ampliffimus
1898 3543 1990 3585 ordo
2010 3544 2079 3584 de-

361 3600 436 3645 test
454 3601 561 3645 euim
590 3597 829 3658 significare,
850 3598 1098 3644 eliciendum
1128 3600 1181 3642 ab
1263 3599 1415 3652 crevit,
1436 3615 1507 3644 eas
1526 3601 1704 3652 tabulas,
1724 3617 1811 3659 quae
1835 3599 1985 3658 publici
2007 3599 2086 3644 vel
