2320 4030
546 307 820 360 INSTIT.
856 307 1195 357 ORATOR.
1231 310 1368 356 LIB.
1402 309 1518 357 XII.
1559 324 1633 357 10.
1834 323 1934 374 339

218 443 578 515 praepofitione
604 446 651 496 B
674 445 839 497 literae
863 443 1106 496 absonam
1130 455 1162 508 †
1201 452 1256 495 et
1278 442 1439 513 ipsam
1468 443 1506 496 S
1519 452 1549 510 Ι
1582 441 1930 514 subjiciendo·

128 527 198 583 33
223 515 328 567 Sed
349 518 599 567 accentus
624 533 836 586 quoque
853 523 875 555 Ρ
912 533 1035 566 cum
1068 515 1242 585 rigore
1267 513 1516 583 quodam,
1542 526 1660 565 tum
1686 513 1931 565 fimilitu-

222 585 347 637 dine
381 585 486 656 ipsa
509 585 685 638 minus
710 585 890 637 suaves
913 584 1190 649 babemuS‚
1215 583 1342 653 quia
1377 583 1568 636 ultima
1600 583 1796 654 syllaba
1833 601 1937 636 nec

222 667 378 708 acuta
399 674 654 726 umquam
687 655 961 719 excitatur,
989 672 1086 706 nec
1120 654 1257 706 flexa
1292 653 1730 717 circumducitur,
1753 653 1841 704 sed
1877 653 1934 705 in

223 743 459 796 gravem,
486 725 569 776 vel
603 725 733 777 duas
770 742 957 797 graves
994 724 1137 777 cadit
1171 726 1389 795 semper.
1463 727 1652 796 Itaque
1688 733 1835 776 tanto
1866 724 1939 775 est

223 798 392 848 sermo
418 796 637 847 Graecus
671 797 862 848 Latino
887 794 1194 865 jucundior,
1222 806 1285 846 ut
1321 795 1474 846 nostri
1507 803 1697 866 poetae,
1725 793 1939 866 quoties

224 865 382 918 dulce
416 883 626 925 carmen
664 865 763 918 effe
788 865 1089 929 voluerunt,
1115 865 1326 917 illorum
1351 865 1403 916 id
1441 865 1746 918 nominibus
1783 881 1936 917 exor-

133 949 206 1002 34
226 947 373 988 nent.
450 935 551 988 His
587 935 678 987 illa
718 937 1036 1007 potentiora,
1063 935 1207 1006 quod
1245 954 1325 988 res
1361 936 1600 1006 plurimae
1637 945 1816 988 carent
1841 953 1936 1006 ap-

225 1005 622 1077 pellationibu8‚
646 1016 709 1058 ut
742 1025 828 1058 eas
852 1006 1050 1058 necesse
1085 1007 1145 1058 fit
1169 1005 1465 1072 transferre,
1493 1018 1584 1059 aut
1619 1005 1935 1059 circumire:

175 1095 181 1099 ·
225 1077 386 1132 etiam
425 1077 480 1128 in
519 1076 604 1140 iis,
630 1095 752 1146 quae
793 1076 1132 1128 denominata
1167 1076 1304 1141 sunt,
1330 1079 1535 1130 summa
1572 1089 1845 1148 paupertas
1881 1075 1938 1130 in

225 1147 408 1200 eadem
434 1165 531 1199 nos
554 1146 961 1217 frequentiffime
989 1146 1245 1199 revolvit:
1286 1158 1341 1199 at
1375 1148 1481 1199 illis
1517 1166 1625 1200 non
1656 1147 1940 1200 verborum

226 1218 408 1283 mode,
431 1217 519 1270 sed
543 1217 847 1289 linguarum
873 1219 1032 1270 etiam
1060 1218 1198 1270 inter
1219 1217 1270 1269 se
1293 1217 1646 1271 differentium
1672 1218 1823 1288 copia
1845 1218 1939 1271 est.

134 1302 203 1357 35
229 1289 409 1342 Quare
433 1287 528 1358 qui
563 1307 595 1340 a
617 1287 818 1341 Latinis
844 1288 1024 1360 exiget
1047 1287 1191 1340 illam
1229 1289 1454 1359 gratiam
1478 1289 1732 1340 sermonis
1758 1288 1938 1354 Attici,

227 1358 321 1412 det
354 1358 489 1411 mihi
521 1358 578 1411 in
616 1358 915 1430 eloquendo
950 1358 1191 1412 eamdem
1220 1359 1638 1431 jucunditatem,
1667 1369 1723 1411 et
1759 1376 1941 1430 parem

281 1545 313 1590 -ς-
342 1541 530 1580 adsunam
550 1539 602 1580 G.
624 1553 662 1581 2.
695 1539 782 1581 Vid.
804 1539 876 1590 leg.
895 1538 946 1577 ob
967 1539 1124 1580 sonum.
1226 1542 1251 1590 ,t
1280 1541 1312 1580 F·
1329 1540 1380 1579 G.
1399 1540 1504 1581 Jens.
1525 1541 1575 1580 G.
1593 1515 1635 1582 '2-
1655 1509 1741 1580 Basi
1759 1539 1790 1579 P
1807 1540 1940 1592 Kapp.

229 1597 249 1627 Ρ
273 1609 341 1633 om.
361 1595 412 1634 G.
448 1597 451 1599 ’

228 1757 343 1844 noge?-
351 1739 1045 1856 XanZZZthZZZsI'oisaepyiecipgi:

230 1865 302 1900 tur
317 1867 358 1901 et
375 1858 499 1916 ipsum
528 1861 559 1901 S
586 1867 634 1901 ut
657 1857 731 1899 fiat
760 1857 893 1906 ABS,
914 1815 1046 1913 ob'so-

230 1931 327 1958 nnm
364 1917 440 1959 int.
475 1916 716 1959 molliorem.
774 1915 840 1956 Sic
877 1915 1046 1970 quidem

231 1983 336 2031 puto
353 1973 570 2032 legendum
587 1991 596 2015 ε
661 1974 726 2015 uis
745 1973 872 2022 enim,
891 1972 1045 2028 quaeso,

231 2030 384 2074 mollire
411 2032 450 2074 se
481 2041 599 2089 putat
656 2032 798 2072 iteram
833 2029 896 2072 vel
926 2029 1045 2086 sylla-

232 2090 344 2139 bam,
365 2089 514 2148 algfima
532 2089 614 2132 alia
631 2085 1045 2144 literafitbjicienda?

232 2156 306 2190 aut
324 2162 398 2190 cur
417 2149 448 2190 S
465 2147 518 2190 est
537 2146 712 2190 absona?
746 2145 949 2188 Posterius
968 2145 1047 2187 hoc

231 2206 438 2256 viderunt,
468 2205 543 2262 qui
579 2219 656 2262 pro
692 2205 719 2246 S
749 2203 982 2245 maluerunt
1011 2204 1047 2245 F

231 2262 380 2321 legere,
413 2264 482 2306 cui
508 2263 634 2306 modo
660 2260 926 2304 maledixerat
957 2260 1048 2302 nos-

207 2332 210 2334 ’
231 2331 311 2364 ter.
357 2321 432 2364 Sed
452 2334 532 2363 non
552 2320 690 2362 omitti
707 2319 830 2361 debet
849 2317 1047 2360 Werlho-

234 2378 279 2421 fii
301 2380 381 2422 mei
411 2377 640 2432 conjectura
668 2386 709 2419 et
738 2377 1044 2433 interpretatio:

235 2437 320 2479 Sed
332 2444 373 2480 et
389 2433 713 2492 inpraepofitione
733 2434 955 2491 (nominis)
975 2433 1048 2475 ab·

219 2497 383 2552 finam,
404 2494 440 2537 B
457 2493 585 2536 litera
611 2492 797 2550 absonam
815 2499 856 2534 et
873 2490 996 2548 ipfizm
1018 2492 1053 2534 F

222 2551 484 2611 subjiciendo,
503 2560 551 2593 ut
576 2550 763 2608 absonam
795 2550 932 2607 primo
959 2563 1048 2591 ma-

236 2609 446 2660 terialiter,
467 2618 514 2651 ut
539 2609 672 2658 aiunt,
692 2607 960 2669 supponatur,
978 2607 1048 2649 de-

237 2668 330 2720 inde
359 2665 604 2716 formaliter,
629 2665 742 2722 quod
774 2679 870 2707 cum
900 2677 1050 2723 parum

236 2725 463 2768 observaret
486 2723 699 2775 librarius,
717 2722 836 2766 semel
851 2721 1049 2764 omiserit.

236 2784 449 2827 Nimirum
492 2778 910 2840 pronuntiatum-{ait
937 2779 1052 2838 Asso-

236 2856 332 2884 nam
347 2858 360 2883 .-
393 2849 466 2883 aut
495 2839 520 2882 fi
553 2840 578 2881 S
597 2837 735 2888 malin,
754 2836 935 2894 Afflmam
950 2855 965 2880 .-
1001 2837 1052 2880 il·

238 2899 310 2942 lud
341 2908 466 2957 putat
491 2898 558 2939 hic
591 2895 817 2954 significare
831 2892 1051 2953 ficbjicere,

238 2957 351 3013 quod
389 2957 432 3000 in
468 2952 657 2997 formulis
694 2952 794 3003 illis,
827 2953 902 2995 ubi
927 2952 1052 3010 'testa-

238 3020 415 3057 mentum
439 3012 502 3055 vel
531 3010 688 3070 epistola
715 3010 871 3055 dicitur
885 3009 1050 3067 fiebjict'.

239 3072 503 3115 Dofflffimus
521 3068 792 3125 Heusingerus
809 3069 955 3125 probat
974 3068 1053 3110 lec-

239 3131 392 3172 tionem
433 3127 622 3171 Gotbani
656 3125 835 3175 secundi,
867 3124 892 3165 b
928 3124 1054 3167 literae

241 3187 432 3229 adsunam
450 3194 490 3228 et
507 3184 633 3241 ipsam
639 3183 682 3238 f
676 3182 920 3241 subjiciendo
934 3201 946 3224 ι
969 3197 1055 3225 cre·

240 3245 296 3287 do
314 3253 354 3287 et
375 3244 507 3302 ipsum
521 3240 724 3300 fitbjicer'e
742 3241 808 3284 hic
829 3239 1056 3298 intelligere

242 3317 318 3359 pro
341 3301 592 3344 substituere.

305 3374 375 3413 33.
417 3358 461 3401 in
482 3368 687 3413 gravem,
716 3352 796 3396 vel
821 3354 926 3397 duas
949 3367 1058 3410 gra-

243 3418 345 3470 ves]
368 3417 415 3458 In
426 3427 630 3472 gravem,
650 3413 816 3469 quoties
833 3410 1060 3469 penultima

244 3474 368 3530 longa
401 3482 614 3516 accentum
646 3469 787 3512 eadem
819 3469 972 3521 habet;
1018 3467 1061 3510 in

243 3534 346 3574 duas
368 3543 548 3587 graves,
569 3527 732 3584 quoties
751 3527 862 3571 brevi
883 3524 1062 3584 penulti-

1124 1756 1192 1784 ma
1212 1742 1254 1785 in
1283 1740 1644 1799 antepenultimam
1666 1752 1858 1786 accentus
1876 1757 1940 1786 re·

1117 1800 1279 1853 jicitur.
1329 1799 1537 1843 Nimirum
1570 1800 1634 1843 vel
1666 1815 1716 1842 ex
1744 1801 1828 1844 hoc.
1850 1800 1941 1845 loco

1124 1858 1276 1900 retiam
1314 1859 1364 1901 de
1402 1859 1519 1915 gravi
1557 1867 1730 1902 accentu
1765 1859 1943 1902 Graeco-

1123 1930 1234 1966 rum,
1255 1930 1280 1958 a
1306 1931 1392 1972 quo
1415 1916 1614 1971 dicuntur
1637 1927 1676 1957 et
1702 1917 1870 1959 nomina
1899 1925 1941 1959 et

1125 1975 1249 2016 verba
1287 1975 1471 2027 Βαρύτονα,
1504 1974 1745 2017 sententiam
1780 1975 1943 2018 haurire

1124 2029 1264 2074 licuit.

1189 2104 1259 2143 33.
1294 2096 1496 2146 poetae—
1509 2093 1725 2147 exornent]
1771 2094 1855 2136 Hic
1887 2093 1943 2136 est

1126 2147 1239 2190 velut
1257 2145 1411 2189 fundus
1439 2148 1665 2191 multarum
1694 2151 1945 2195 emendatio·

1127 2220 1229 2248 num
1250 2206 1432 2256 Horatii,
1452 2219 1558 2261 quas
1581 2218 1731 2262 quarto
1757 2209 1945 2252 animad-

1127 2263 1351 2306 versionum
1389 2262 1553 2306 suarum
1594 2266 1731 2322 capite
1769 2266 1949 2310 (1086Πὶ-

1128 2335 1223 2373 mus
1254 2321 1542 2378 Cuningamus
1571 2323 1798 2380 proposuit.
1859 2323 1945 2368 No-

1129 2377 1242 2421 mina
1261 2379 1496 2421 Graecorum
1525 2379 1720 2423 nimirum
1755 2380 1824 2424 hie
1852 2382 1946 2425 sunt

1129 2451 1224 2492 quae
1257 2436 1535 2478 terminantun
1561 2437 1603 2479 in
1635 2452 1691 2488 os,
1712 2453 1777 2491 on,
1803 2453 1877 2490 an,
1897 2453 1945 2491 a,

1128 2507 1179 2536 en
1246 2508 1290 2536 ro
1326 2494 1489 2536 Latinis
1525 2508 1589 2544 us,
1624 2509 1708 2546 um,
1742 2512 1826 2548 am,
1862 2512 1942 2540 em.

1130 2551 1212 2594 Mu
1232 2563 1298 2594 tus
1317 2552 1384 2595 hic
1403 2548 1486 2594 fuit
1505 2552 1616 2595 Dan.
1632 2553 1885 2607 Vechnerus,
1905 2563 1947 2598 et

1130 2622 1311 2667 nuperus
1343 2608 1467 2666 ipsius
1498 2609 1646 2661 editor,
1670 2613 1740 2654 Cl.
1774 2613 1946 2656 Hfiufin-

1130 2681 1270 2724 gerus,
1301 2668 1418 2721 cujus
1452 2667 1636 2710 amicitia
1667 2671 1791 2713 etiam
1824 2671 1949 2714 Fabii

1131 2724 1254 2767 nostri
1273 2723 1520 2782 quibusdam
1541 2724 1643 2768 locis
1662 2726 1836 2783 profuit.

1195 2800 1264 2838 34.
1295 2786 1339 2829 in
1356 2786 1425 2839 iis,
1443 2801 1535 2845 quae
1553 2790 1811 2835 denominata
1822 2793 1946 2849 fient]

1133 2842 1289 2895 Tema,
1310 2845 1385 2901 qui
1412 2846 1599 2897 dubitas,
1623 2851 1796 2892 totidem
1823 2852 1950 2895 deno-

1133 2902 1304 2945 minatis
1352 2910 1393 2944 et
1438 2904 1649 2957 adjectivis
1697 2909 1951 2961 nominibus,

1134 2958 1399 3008 reddereista
1432 2960 1735 3020 Xenophontis,
1766 2965 1951 3012 Memor.

1137 3016 1250 3060 socr.
1283 3032 1324 3071 3,
1354 3031 1397 3067 1,
1430 3018 1504 3060 ubi
1533 3020 1638 3062 dicit
1668 3020 1952 3080 imperatorem

1137 3074 1210 3116 effe
1235 3075 1381 3117 debere
1413 3081 1746 3129 ωαςασκιυαςικόν,
1773 3082 1955 3133 σοςιςικόν

1137 3137 1206 3171 τῶν
1230 3130 1428 3174 ἐπιτηδείων
1450 3133 1524 3173 τοῖς
1549 3135 1778 3182 (gando-racc,
1794 3151 1957 3188 μηχανι-

1137 3187 1206 3227 ιιόν.
1243 3186 1437 3239 ipat-miv,
1473 3183 1683 3238 καρτερικὸν,
1723 3191 1957 3238 φυλακτικὸν,

1137 3240 1324 3291 argon-mbr,
1344 3239 1555 3282 inse-vam.
1573 3241 1755 3286 τακτικὸν,
1775 3242 1824 3283 it.
1846 3256 1886 3284 c.
1913 3257 1955 3295 3,

1136 3295 1205 3339 dic
1231 3296 1336 3338 mihi
1364 3295 1506 3339 eodem
1533 3294 1658 3337 modo
1682 3299 1957 3351 lagadun-ov,

1137 3362 1180 3395 et
1213 3352 1562 3407 qunpmrcxobv-a‘rov,
1598 3361 1638 3394 et
1674 3355 1961 3404 γεωργικώτατον

1139 3425 1177 3452 κ.
1197 3426 1235 3451 τ.
1254 3420 1293 3453 λ.
1322 3410 1494 3452 Ludunt
1514 3407 1711 3466 profek‘to,
1731 3407 1759 3450 fi
1779 3410 1854 3464 qui
1873 3409 1958 3450 La-

1141 3466 1234 3565 tin}
1266 3466 1433 3512 Graecis
1467 3479 1701 3528 comparare
1734 3465 1810 3518 hae
1844 3477 1959 3524 parte

1143 3536 1195 3564 au
1226 3531 1312 3567 ent.

1148 3593 1239 3635 22
