2320 4030
549 314 830 367 INSTIT.
876 315 1404 378 oRAToss.‚L1}3.
1441 316 1529 390 lx.
1564 332 1613 376 3.
1830 331 1946 391 μυ

129 456 195 514 77
221 449 545 508 Cleosteleus
565 460 590 484 2
626 452 819 522 πάρισον
856 452 1136 520 existimat,
1196 451 1308 508 -uod
1346 452 1445 511 fit²
1475 470 1515 511 ,e
1545 450 1811 515 membris.
1833 471 1947 520 non

206 521 572 579 ‚diffimilibus.
647 523 958 578 Secundum
976 525 1020 590 b,
1046 536 1110 580 ut
1144 543 1173 578 c
1199 523 1379 578 ausula
1402 522 1637 576 fimiliter
1658 521 1833 588 cadat,
1862 525 1949 579 vel

217 592 403 646 iisdem
429 593 486 651 in
511 592 755 647 ultimam
783 606 982 666 partem
1011 595 1238 660 collatis,
1265 595 1660 664 ὁμοιοτέλευτονῑ,
1687 594 1950 657 fimilemf¹

217 663 443 718 duarum
484 665 860 719 sententiarum
906 666 990 719 vel
1031 667 1266 737 plurium
1307 665 1506 718 finem:
1552 664 1670 718 Non
1707 666 1843 723 modo
1879 667 1955 719 ad

200 735 423 807 fizlutem
447 735 551 805 ejus
573 734 993 808 exstinguendam,
999 739 1101 809 std
1121 739 1269 791 etiam
1300 736 1519 809 gloriam
1549 749 1643 808 per
1667 737 1791 790 tales
1815 737 1952 791 viros

218 806 614 878 itffringendam.
688 809 768 861 Ex
793 809 990 881 quibus
1015 808 1124 863 fere
1155 809 1277 864 sunt
1294 818 1336 873 θ,
1364 826 1469 860 non
1498 817 1679 861 tamen
1715 818 1779 861 ut
1809 809 1950 862 sem-

217 896 313 950 per
346 877 552 940 ultimis
588 878 897 945 consonent,
926 899 1046 953 quae
1071 879 1282 949 τρίπωλα
1305 878 1530 933 dicunt:
1577 879 1715 934 Vicit
1735 879 1756 912 f
1786 881 1950 952 pudo-

219 969 321 1001 rem
348 948 518 1016 libido,
547 949 762 1004 timorem
786 952 1020 1022 (ludaeia,
1049 951 1284 1004 rationem
1309 951 1544 1004 amentia.
1608 951 1714 1004 Sed
1739 950 1793 1004 in
1820 970 1955 1023 qua·-

219 1029 398 1075 ternas
436 1040 653 1093 quoque
694 1041 757 1075 ac
795 1023 974 1095 plures
1008 1023 1128 1076 haec
1162 1022 1297 1075 ratio
1334 1022 1410 1075 ire
1445 1021 1728 1077 sententias
1763 1023 1952 1094 potest.

223 1091 309 1149 Fit
341 1092 500 1145 etiam
543 1093 764 1165 fingulis
806 1095 1010 1148 verbis:
1051 1094 1281 1158 Hecuba,
1307 1095 1431 1146 hocg
1470 1093 1623 1159 dolet,
1657 1094 1816 1166 piget,
1851 1106 1951 1169 pu-

131 1157 198 1228 78
222 1163 304 1216 det
323 1185 340 1216 .-
379 1174 454 1228 et,
488 1164 653 1225 Abiit,
689 1164 893 1237 excqfflt,
922 1167 1100 1240 erupit,
1127 1166 1303 1236 evcfit.
1375 1164 1617 1222 Tertium
1646 1166 1736 1231 est,
1764 1166 1954 1236 quod,¹¹

222 1234 278 1287 in
324 1235 535 1288 eosdem
580 1236 727 1288 casus
768 1237 932 1300 cadit,
972 1238 1275 1306 ὁμόιόπτωτον
1316 1235 1538 1297 dicitur.
1608 1236 1714 1291 Sed
1751 1255 1966 1309 neque„

222 1305 370 1378 quod
409 1306 569 1360 finem
612 1306 773 1360 habet
817 1308 1060 1373 similem,
1101 1303 1204 1360 e'sti
1255 1307 1599 1376 ὁμοιόπτωτονε
1662 1307 1850 1381 utique
1898 1308 1954 1361 in

223 1377 476 1430 eumdem
506 1377 663 1431 finem
690 1379 837 1432 venit
869 1379 1206 1449 ὁμοιοτὲλευτον
1227 1376 1270 1428 k·
1346 1377 1436 1429 Est
1471 1377 1614 1430 enim
1651 1380 1955 1447 ὅμοιόπτωτον

224 1458 438 1505 tantum
489 1448 635 1502 casus
679 1450 878 1515 similis,
922 1449 1122 1503 etiamsi
1165 1447 1429 1503 diffimilia
1468 1449 1585 1516 sint,
1621 1468 1745 1521 quae
1785 1448 1956 1503 decli-

225 1531 460 1572 nentur:
502 1539 601 1573 nec
639 1531 850 1575 tantum
890 1521 947 1574 in
988 1520 1092 1572 fine
1131 1519 1566 1591 deprehenditur,
1607 1520 1698 1574 sed
1738 1520 1955 1592 respon-

227 1591 358 1645 dent
396 1591 483 1645 vel
528 1591 727 1662 prima¹
771 1593 910 1646 inter
947 1592 1017 1656 se,
1040 1592 1141 1658 *vel
1176 1591 1389 1657 mediis,
1425 1591 1508 1646 vel
1545 1592 1829 1645 extremis:
1872 1593 1958 1675 vel

226 1662 388 1717 etiam
415 1663 728 1734 permutatis
751 1665 857 1730 his,
883 1675 947 1717 ut
985 1662 1162 1719 media
1198 1663 1402 1734 primiS‚
1429 1674 1486 1720 et
1519 1663 1728 1718 summa
1760 1662 1959 1719 mediis

227 1735 721 1801 accommodentur,
748 1746 803 1790 et
838 1753 1184 1808 quocumque
1223 1734 1385 1788 modo
1425 1734 1820 1797 accommodari
1846 1753 1956 1806 ,po-

126 1813 205 1876 ,79
229 1815 427 1862 terunt.
502 1807 623 1859 Nec
647 1808 789 1861 enim
818 1807 1022 1879 semper
1046 1806 1262 1878 paribus
1286 1806 1500 1879 syllabis
1525 1807 1724 1860 constat
1746 1828 1761 1860 ι
1799 1804 1860 1859 ut
1887 1807 1961 1862 est

229 1877 371 1949 apud
413 1876 628 1944 Afrum,
653 1879 841 1951 Amff)
879 1891 1035 1951 nuper
1073 1877 1286 1949 infelicis
1322 1878 1480 1943 aulae,
1503 1879 1563 1949 si
1597 1899 1696 1934 non
1722 1878 1959 1952 praefidio

229 1949 358 2001 inter
388 1949 629 2022 pericula,
675 1961 839 2003 tamen
861 1961 892 1983 ¹¹¹
916 1949 1110 2023 solatio¹
1150 1949 1315 2002 vitaen
1359 1949 1486 2003 inter
1528 1951 1761 2022 adversa.
1799 2012 1803 2014 ,
1835 1951 1961 2004 Ea⁰

229 2038 354 2072 vero
397 2020 642 2074 videntur
686 2022 910 2094 optima,
955 2022 1010 2074 in
1049 2019 1248 2094 quibus
1293 2017 1448 2074 initia
1485 2021 1862 2077 sententiarum
1904 2031 1962 2075 et

232 2091 362 2144 fines
388 2093 751 2148 consentiunt:
781 2106 843 2147 ut
865 2093 975 2159 hic,
982 2092 1239 2218 graestdiO,
1249 2092 1458 2164 solatio.
1507 2095 1582 2146 Et
1600 2105 1621 2137 Ρ
1647 2105 1709 2147 ut
1730 2111 1866 2165 pene
1890 2093 1957 2146 fi-

230 2163 383 2215 mili'a
423 2165 519 2216 fint
558 2167 751 2231 verbis,
778 2176 834 2218 et
870 2165 980 2237 pari
1019 2175 1120 2217 usq
1161 2165 1375 2231 cadant,
1404 2175 1460 2219 et
1493 2164 1680 2220 eodem
1723 2165 1962 2219 definant

142 2231 211 2285 80
233 2235 414 2288 modo,
485 2236 659 2289 Etiam
687 2250 749 2290 ut
774 2238 872 2290 fint
901 2235 1070 2319 (quod
1094 2235 1166 2288 est
1189 2237 1462 2307 quartum)
1492 2237 1750 2290 membris
1775 2254 1959 2317 aequa-

231 2306 393 2372 libus,
423 2308 568 2378 quod
596 2309 818 2359 ἰσόκωλον
844 2308 1076 2361 diclturt
1121 2307 1194 2373 Si,
1222 2319 1464 2380 quantum
1502 2309 1554 2361 in
1591 2330 1716 2380 agro
1754 2308 1962 2380 locgfque

234 2378 431 2449 desertis
469 2378 697 2432 audacia,
714 2379 882 2452 potest,
911 2388 1103 2432 tantum
1129 2379 1182 2431 in
1210 2380 1333 2451 foro
1372 2390 1519 2451 atque
1571 2380 1756 2433 'udiciis
1794 2381 1860 2432 im
1934 2414 1960 2423 -

232 2450 403 2502 dentia
441 2451 670 2503 valeret.-
727 2451 951 2503 ἰσόκωλον
991 2451 1081 2516 est,
1117 2462 1173 2503 et
1213 2450 1515 2519 ὁμοιόπτωτον
1544 2401 1771 2505 ilabet‘.
1903 2473 1964 2504 on

232 2521 396 2573 minus
420 2541 550 2575 nunc
572 2522 626 2574 in
646 2529 661 2552 ⁸
703 2522 867 2592 cmgffa
893 2523 1077 2574 cederet
1099 2521 1272 2574 Aulus
1308 2521 1511 2574 Caecina
1546 2522 1684 2575 Sexti
1719 2522 1928 2576 AEbutii
1945 2531 1961 2559 ῑ

233 2591 571 2665 impudentiae,
604 2613 755 2665 quam
794 2603 896 2645 tum
929 2594 982 2646 in
1022 2594 1082 2646 vi
1104 2592 1355 2664 facienda
1398 2592 1526 2662 ceffit
1559 2595 1826 2647 audaciae:
1866 2597 1962 2646 ἰσό-

232 2674 404 2723 κωλον,
430 2664 734 2734 &favaim-wrm
753 2674 791 2724 ¹¹,
827 2664 1182 2732 ὁμοιοτέλευτον.
1254 2651 1527 2718 Accedit*
1567 2675 1624 2718 et
1659 2685 1727 2719 ex
1762 2666 1858 2720 illa
1895 2664 1960 2719 fi-

288 2850 309 2872 ⁸
339 2845 590 2886 Cleoscoleus
618 2845 668 2885 G.
697 2845 970 2886 Cleostolchus
998 2859 1093 2885 mar.
1114 2846 1204 2899 Bas.
1232 2845 1486 2887 Cleostelaeus
1512 2848 1645 2888 Colin.
1674 2849 1773 2888 Cleo
1795 2849 1964 2889 Stelaeus

237 2899 332 2939 Obr.
442 2908 457 2924 ¹
489 2901 542 2939 fic
563 2901 614 2939 G.
635 2900 681 2938 fit
698 2900 805 2939 Jens.
915 2901 938 2931 b
967 2901 1044 2940 Sed
1065 2901 1222 2939 nudum
1244 2902 1295 2940 G.
1405 2907 1422 2926 ς
1455 2902 1698 2949 ὁμοιοτέλεςον
1716 2904 1768 2943 G.
1864 2904 1882 2928 ‘¹
1916 2905 1966 2943 fi-

235 2954 336 2993 mile
351 2953 458 2993 Jens.
585 2961 600 2979 ’ν’
634 2954 738 2993 fiunt
758 2954 809 2993 G.
942 2954 957 2978 f
981 2955 1110 2993 vincit
1129 2955 1181 2994 G.
1199 2955 1307 2994 Jens.
1433 2962 1454 2993 g
1481 2957 1571 2996 haec
1588 2957 1694 2996 Jens.
1828 2955 1850 2987 ¹¹
1878 2970 1963 2998 non

236 3007 305 3061 irgs.
321 3008 429 3047 Jens.
537 3005 550 3036 i
578 3009 634 3047 est
651 3008 714 3056 ὀμ..
737 3021 806 3046 om.
826 3008 878 3047 G.
894 3009 1001 3047 Jens.
1114 3009 1133 3033 k
1165 3009 1229 3055 ὀμ.
1249 3011 1304 3047 est
1322 3021 1386 3048 en.
1408 3024 1478 3048 om.
1500 3011 1552 3050 G.
1661 3010 1673 3036 ¹
1701 3012 1840 3062 primis
1857 3012 1964 3051 Jens.

238 3067 268 3087 ¹¹·
303 3063 367 3101 sed
384 3062 491 3102 Jens.
631 3068 649 3086 ¹¹
681 3076 751 3101 om.
772 3062 822 3101 id.
960 3069 978 3086 ⁰
1011 3062 1133 3102 Enim
1151 3063 1231 3101 sere
1246 3064 1353 3102 Jens.
1384 3064 1481 3112 Ejus
1500 3065 1579 3103 fere
1595 3065 1649 3105 G.
1790 3071 1809 3098 Ρ
1835 3067 1963 3116 prdio.

238 3116 396 3156 Similia
415 3116 467 3155 G.
495 3115 658 3167 praedio.
678 3117 778 3155 Sim.
799 3117 907 3156 Jens.
1025 3122 1042 3147 ‘¹
1078 3117 1187 3167 paria
1206 3116 1257 3155 G.
1395 3123 1410 3142 ¹·
1441 3132 1508 3156 om.
1533 3119 1584 3157 G.
1707 3126 1721 3145 ⁸
1754 3131 1802 3157 ea
1822 3119 1888 3172 irfi
1908 3120 1960 3159 G.

237 3176 253 3202 t
283 3171 427 3210 AEbuti
447 3170 500 3209 G.
517 3170 624 3210 Jens.
733 3177 753 3200 ¹³
780 3170 1046 3221 ὄνομάπτωτον,
1063 3170 1304 3222 ὄμοιοτὲλεςον
1322 3171 1375 3210 G.
1486 3177 1506 3198 ¹
1537 3173 1699 3212 Accidit
1715 3173 1819 3213 Jens.

237 3331 443 3376 membris.
484 3334 645 3400 Nempe
679 3334 721 3377 in
755 3332 834 3376 hoc
863 3332 1059 3399 membrq-
1142 3334 1329 3377 Caecina.
1377 3334 1621 3379 Dominetur
1657 3351 1733 3394 pro
1769 3335 1966 3382 Cluentio

239 3406 332 3435 rum
352 3391 489 3434 verba
501 3398 633 3447 parta
653 3393 754 3449 stant
772 3406 965 3436 numero,-
997 3390 1062 3435 htc
1143 3407 1181 3434 c.
1207 3407 1231 3434 2
1262 3392 1423 3436 dissum
1441 3393 1493 3436 de
1515 3394 1685 3437 invidia.
1718 3393 1817 3443 Odit
1836 3403 1965 3453 popu-

238 3464 318 3492 uno
335 3448 414 3492 ⁴ch
429 3450 558 3492 altero
575 3450 713 3493 addito
734 3451 816 3493 &c-
1140 3449 1204 3493 lus
1234 3466 1307 3509 pro
1333 3452 1518 3496 Muraen.
1544 3455 1615 3506 36.
1666 3453 1790 3507 Qod
1803 3451 1964 3497 imum-

304 3511 375 3550 80.
408 3507 468 3558 Si,
489 3507 748 3564 quantumin
781 3507 905 3564 agro]
939 3506 1061 3549 Prin-
1136 3515 1237 3565 pore
1258 3524 1333 3565 pro
1352 3509 1522 3553 Cluent.
1547 3526 1619 3566 ²9·
1671 3509 1739 3571 Est
1756 3510 1863 3554 enim
1880 3510 1966 3555 haec

242 3564 403 3625 cipium
431 3563 730 3610 ornatiffimum
761 3565 961 3610 orationis
986 3579 1062 3628 pro
1143 3581 1220 3627 pro
1241 3566 1396 3614 Milon.
1417 3582 1462 3621 4.
