2320 4030
320 298 398 368 63.
709 306 784 360 M.
820 306 1027 360 FABII
1062 306 1645 362 QUINCTILIANI

322 443 434 496 fieri
459 445 644 514 potest,
671 446 762 499 nisi
782 460 806 492 8
842 446 948 518 ipsa
982 446 1181 520 species
1204 448 1313 501 est?
1355 441 1460 499 Sed
1494 445 1565 513 ad
1600 442 1861 500 utendum
1903 440 2040 502 nihil

320 534 365 567 rt
378 514 538 568 fert..
570 516 844 589 Adjicitur
868 518 952 570 his
987 517 1295 587 μυκτηρισμὸς
1314 517 1357 583 ¹¹,
1384 517 1655 571 fimulatus
1688 517 1928 589 quidem,
1952 518 2039 573 sed
2060 527 2132 587 59

321 587 625 640 non-latens
658 588 877 641 derisus.
951 588 1195 642 Pluribus
1228 599 1407 642 autem
1445 589 1620 641 verbis
1642 607 1764 642 cum
1793 589 1867 656 id,
1894 591 2043 662 quod

318 674 433 710 uno
457 669 549 711 aut
572 659 910 729 paucioribus
934 670 1078 712 certe
1100 659 1206 711 dici
1230 659 1414 728 potest,
1439 659 1750 730 explicatur,
1776 660 2044 728 περίφρασιν

320 740 534 792 vocant,
573 731 825 782 circuitum
861 730 1091 801 loquendi
1107 731 1140 794 ¹,
1166 730 1287 801 qui¹
1327 746 1731 802 nonnumquam
1770 729 2047 783 neceffita-.

320 808 435 869 tem
478 801 662 864 habet,
705 801 916 871 quoties
952 800 1100 854 dian
1138 799 1396 853 deformia
1433 802 1640 871 operit:
1698 798 2042 866 ¹¹¹Sallustius,

319 870 415 922 Ad
438 872 676 942 -requffita
697 881 716 903 ¹¹
760 882 962 925 naturae
979 883 1020 924 ⁰.
1096 871 1353 924 Interim¹²
1392 881 1638 925 ornatum
1680 872 1818 944 petit
1850 871 2042 939 solum,
2066 871 2137 924 60

311 937 416 1013 'qui
438 943 509 996 est
535 942 672 1014 apud
698 950 879 1012 poetas
903 942 1347 1014 frequentiffimus
1371 962 1384 994 ε
1424 953 1506 1008 ut,
2000 971 2002 973 >

465 1038 674 1111 Tempus
696 1049 823 1104 erat,
851 1060 942 1112 quo
962 1039 1129 1114 prima
1152 1038 1284 1112 quies
1309 1039 1597 1093 mortalibus
1618 1041 1777 1114 aegris

462 1110 661 1182 Incipit,
685 1120 732 1162 et
751 1109 872 1164 dono
896 1111 1070 1165 divum
1090 1109 1373 1187 gratg'ffima
1379 1112 1563 1184 serpit.

321 1223 390 1274 Et
427 1240 456 1275 a
497 1222 568 1276 ud
609 1231 842 1278 oratores
881 1243 990 1277 non
1025 1241 1191 1288 raruS,
1229 1222 1485 1294 semperq.
1512 1232 1692 1277 tamen
1734 1222 2042 1280 adstriffior.

322 1293 435 1346 Qui
477 1292 604 1365 quid
631 1294 774 1346 enim
807 1294 1115 1368 fignificari¹
1154 1293 1366 1347 brevius
1401 1295 1587 1365 potest,
1614 1306 1669 1348 et
1693 1313 1830 1348 cum
1853 1306 2043 1350 ornatu
2065 1299 2131 1353 61

319 1364 476 1417 latius
502 1365 806 1430 ostenditur,
831 1366 1096 1434 περίφρασις
1122 1366 1230 1418 est:
1272 1363 1359 1417 cui
1397 1383 1591 1418 nomen
1630 1366 1823 1421 Latine
1857 1366 2045 1420 datum

320 1436 410 1502 est,
438 1454 543 1487 non
581 1436 701 1489 sane
736 1435 988 1489 orationis
1024 1448 1209 1507 aptum
1246 1435 1452 1503 virtuti,
1482 1436 1856 1492 circumlocutio.
1927 1438 2044 1492 Ve-

319 1525 438 1560 rum
478 1507 594 1560 haec
634 1518 715 1572 ut,
742 1527 866 1560 cum
901 1507 1156 1560 decorum
1178 1517 1192 1539 ⁸
1226 1506 1409 1573 habet,
1427 1507 1728 1580 periphrqsis
1746 1529 1762 1574 3
1801 1508 1894 1574 ita,
1916 1527 2043 1562 cum

318 1577 374 1631 in
422 1577 610 1630 vitium
652 1578 857 1642 incidit,
898 1577 1235 1646 περισσολογὶα,
1281 1578 1521 1650 dicitur..
1572 1580 1832 1633 OBSTAT
1874 1579 2041 1650 enim,

318 1649 581 1719 quidquid
602 1654 613 1679 ²
644 1667 748 1701 non
775 1649 1009 1721 adjuvat.
1086 1646 1409 1720 Hyperbaton
1433 1668 1670 1723 quoque,
1696 1649 1753 1703 id
1787 1653 1878 1717 est,
1902 1651 2045 1705 verbi
2067 1657 2137 1712 62

322 1719 759 1792 truzrygrqffi'orzem,
792 1738 955 1792 quam
973 1728 994 1750 ¹¹
1034 1716 1337 1790 frequenter
1375 1721 1510 1773 ratio
1549 1722 1959 1793 comparationis
1989 1733 2046 1776 et

318 1790 481 1844 decor
555 1791 699 1857 oscit,
728 1810 834 1843 non
871 1790 1140 1842 immerito
1174 1789 1315 1844 inter
1347 1791 1569 1845 virtutes
1605 1794 1888 1849 habemus,
1957 1794 2047 1847 Fit

319 1862 463 1915 enim
503 1811 915 1933 {Requentiffime
953 1860 1127 1932 aspera
1162 1873 1219 1915 et
1253 1863 1402 1927 dura,
1429 1874 1485 1915 et
1522 1863 1764 1917 dissoluta
1798 1875 1855 1917 et
1890 1863 2046 1918 hians

318 1933 507 1999 oratio,
547 1934 579 1984 fi
603 1941 624 1964 ¹
667 1933 733 1985 ad
775 1933 1131 1986 necestitatem
1169 1933 1368 1986 ordinis
1403 1933 1482 1986 sui
1516 1936 1675 1989 verba
1708 1933 2044 2018 redigantur,

318 2004 393 2069 et,
433 2015 496 2057 ut
533 2004 784 2076 quodque
823 2003 1006 2066 oritur,
1055 2003 1129 2055 ita
1166 2005 1441 2075 proximiS‚
1479 2007 1675 2059 etiamfi
1713 2006 1901 2060 vinc1ri
1937 2025 2046 2061 non

317 2075 505 2145 potest,
541 2074 811 2148 alligetur.
884 2074 1233 2132 Differenda2
1269 2076 1284 2128 i
1330 2076 1436 2128 itur
1459 2078 1729 2148 quaedam,
1755 2089 1812 2130 et
1845 2078 2044 2150 praesu-
2067 2083 2137 2153 63

318 2145 530 2211 menda,
578 2157 759 2217 atque,
798 2155 863 2198 ut
911 2145 967 2198 in
1010 2096 1367 2200 strueturisffia
1408 2147 1557 2201 idum
1603 2148 1988 2220 impolitiorurn
2005 2161 2046 2215 ὃ,

317 2216 459 2282 1000,
487 2237 596 2288 quo
622 2217 890 2282 convenit,
917 2216 1154 2288 quidque
1179 2167 1508 2289 ponentium.
1553 2245 1557 2249 ·
1582 2221 1710 2273 Non
1736 2219 1882 2273 enim
1907 2220 2047 2273 reci·

317 2288 442 2342 dere
466 2307 546 2354 ea,
571 2307 668 2342 nec
693 2288 864 2361 polire
887 2288 1176 2360 poffumuS,
1206 2309 1315 2362 quo
1332 2293 1354 2325 b
1390 2301 1764 2364 coagmentata
1785 2292 1837 2373 fe
1873 2291 2048 2365 magis

375 2477 392 2501 ἔ
418 2473 460 2509 in
481 2473 517 2510 G
536 2473 643 2523 sorte
659 2472 717 2509 ni.
825 2467 847 2500 ¹¹
867 2471 1060 2523 mysteriis
1080 2472 1131 2510 G.
1151 2472 1262 2524 Jens.*
1366 2470 1374 2497 ῑ
1399 2472 1534 2524 e10qu.
1554 2475 1606 2513 G.
1622 2474 1729 2515 Jens.
1829 2473 1840 2500 ¹
1862 2475 1971 2526 quod
1991 2476 2045 2516 G.

321 2531 352 2549 ¹¹¹
386 2535 432 2564 ut
452 2526 517 2576 irqfi
539 2528 590 2565 G.
609 2525 716 2564 Jens.
884 2534 907 2556 ¹¹
935 2525 1086 2576 reliqua
1104 2527 1155 2565 G.
1319 2531 1337 2552 ⁰
1369 2527 1460 2565 sunt
1478 2528 1546 2580 inst
1567 2529 1619 2568 G.
1780 2534 1800 2561 P
1827 2529 1972 2569 intima
1989 2531 2042 2570 G.

319 2587 339 2616 q
370 2595 439 2618 om.
460 2582 511 2628 G.
647 2586 664 2608 r
691 2578 830 2628 fignari
848 2580 955 2619 Jens.
1091 2589 1107 2611 ⁵
1134 2581 1319 2619 decorem
1340 2581 1391 2619 G.
1410 2581 1515 2619 Jens.
1659 2584 1674 2610 t
1707 2583 1816 2634 quod
1835 2584 1887 2622 G.
1915 2584 2046 2634 inquit

318 2633 424 2671 Jens.
532 2641 554 2662 u
583 2633 777 2682 quoniam
797 2632 848 2672 id.
959 2637 978 2658 x
1003 2630 1075 2672 std
1095 2633 1146 2672 G.
1256 2640 1273 2660 Ζ
1306 2635 1516 2674 deferenda
1532 2635 1639 2679 Jens.
1775 2643 1793 2663 ὃ
1814 2632 2046 2689 ‚impolitiox

320 2687 538 2737 -quisquc
558 2687 765 2738 ponendus
785 2687 838 2726 G.
853 2685 962 2726 Jens.
1070 2686 1087 2712 b
1119 2700 1211 2739 quae
1231 2689 1284 2727 G.

387 2864 455 2903 59.
488 2847 716 2906 Sallustius]
748 2847 1140 2898 Laudavit,A1me-
1211 2849 1308 2893 felli
1343 2851 1423 2894 διε.
1483 2852 1639 2895 Utrum
1671 2851 1803 2910 igitur
1834 2852 2047 2907 Sallustius

322 2905 504 2950 loveenio
527 2908 611 2961 jam
641 2907 892 2957 observante,
915 2907 1061 2950 Carrio
1088 2908 1141 2950 ad
1222 2911 1406 2952 mutavit
1441 2910 1484 2952 in
1517 2909 1644 2953 altera
1672 2911 1851 2954 editione
1875 2911 2012 2954 stilum
2029 2919 2047 2954 ?

322 2965 476 3022 fragm.
503 2964 642 3006 histor.
664 2980 712 3021 p.
729 2968 834 3019 489,
858 2965 981 3020 (edit.
1002 2966 1138 3008 Grut.
1223 2981 1276 3009 an
1297 2967 1456 3024 aliquid
1478 2967 1608 3025 paffus
1629 2969 1683 3011 est
1712 2983 1734 3012 a
1755 2969 1863 3015 mala
1879 2983 2007 3013 manu
2030 2976 2048 3012 ἲ

327 3026 455 3075 1607,
484 3023 553 3078 8.)
586 3033 636 3064 ex
669 3021 905 3078 Flodegarii
931 3023 1141 3077 cujusdam
1224 3040 1275 3066 an
1295 3034 1493 3082 aquatum
1513 3036 1612 3068 eunt
1642 3027 1766 3069 etiam
1794 3027 1893 3071 soli?
1925 3041 1977 3070 an
1995 3042 2048 3070 a·

323 3081 618 3124 commentario
646 3081 743 3122 MS.
775 3080 826 3122 ad
856 3081 1142 3124 Barbarismos
1222 3090 1392 3139 quatum
1409 3083 1471 3126 ire
1499 3083 1696 3127 dicuntur
1724 3086 1865 3136 etiam,
1886 3085 1962 3143 qui
1989 3087 2053 3128 ad

321 3139 492 3188 Donati,
511 3138 598 3180 haec
619 3137 757 3195 paullo
781 3136 958 3195 plenius,
981 3138 1142 3195 proffec-
1222 3140 1410 3198 requisita
1430 3149 1596 3183 naturae
1611 3143 1815 3193 secedunt,
1835 3154 1875 3186 et
1895 3157 2048 3200 aquam

323 3204 388 3243 tzge
415 3195 581 3253 quidam
611 3195 735 3252 Ligus
763 3195 823 3238 ad
848 3196 1033 3254 requifita
1062 3212 1142 3239 na·
1221 3198 1368 3241 deinde
1403 3199 1602 3242 sumunt?
1644 3200 1897 3260 Qaestiones
1931 3201 2050 3244 valde

321 3261 444 3296 turae.
507 3254 592 3296 Vix
619 3254 723 3296 mihi
750 3254 928 3297 dubium
950 3254 1021 3305 est,
1041 3256 1143 3312 quin
1222 3256 1530 3314 magisteriales.
1593 3259 1668 3302 Sed
1717 3259 1822 3301 nihil
1865 3268 2048 3302 contem-

321 3311 562 3370 respiciatur
579 3311 628 3353 ad
650 3311 870 3367 historiam,
892 3315 1020 3368 quam-
1047 3327 1141 3355 nar-
1222 3315 1405 3357 nendum
1435 3329 1566 3371 neque
1601 3317 1643 3358 in
1675 3316 1801 3365 bello,
1821 3330 1952 3374 neque
1970 3318 2049 3360 ubi

321 3378 386 3410 rat
418 3369 588 3426 Crispus
610 3371 712 3425 Jug.
737 3385 807 3424 93,
830 3386 870 3411 2.
908 3371 1025 3414 Forte
1052 3371 1141 3427 qui-
1222 3372 1274 3415 de
1295 3373 1533 3429 integritate
1561 3383 1747 3417 veterum
1777 3374 1981 3417 librorum
2004 3388 2049 3421 a·

321 3427 420 3468 dam
442 3427 565 3483 Ligus
582 3442 636 3470 ex
653 3427 871 3470 cohortibus
900 3428 1143 3472 auxiliariis
1224 3431 1357 3488 gitur.

323 3484 436 3526 miles
447 3484 683 3540 gregarius,
704 3485 844 3543 castris
874 3497 1074 3542 aquatum
1099 3502 1142 3531 e·
1285 3490 1358 3532 60.
1396 3486 1546 3548 ‘Tempu
1561 3506 1566 3511 ·
1584 3489 1701 3543 erat]
1736 3491 1845 3535 AEn.
1870 3505 1914 3541 2,
1934 3492 2037 3534 268.

316 3542 484 3600 grejffics,
511 3542 626 3585 haud
641 3543 788 3599 procul
811 3543 866 3585 ab
894 3543 1026 3588 later.-
1055 3546 1142 3603 cas-
