2320 4030
524 237 805 288 ΙΝΒΤΙΤ.
839 235 1166 286 ORATOR.
1207 235 1344 287 Lm.
1381 237 1518 286 v111.
1551 254 1600 298 3.
1859 256 1923 305 29

217 371 318 436 dit,
342 371 430 426 sed
453 375 615 441 etjam
639 373 784 427 sensu
815 372 1052 445 plerique
1087 368 1324 426 obscaexie
1359 371 1682 443 intelligere,
1709 373 1798 427 nifi
1836 393 1926 429 ca-

219 444 376 510 veriS,
402 446 658 516 cupiunt:
697 455 760 497 ut
785 443 926 515 apud
949 442 1224 508 Ovidium,

502 528 716 599 Quaeque
739 527 915 593 latent,
941 526 1141 578 meliora
1159 535 1341 598 putat3

218 641 278 676 ac
303 642 370 677 ex
392 624 584 690 verbis,
610 644 732 696 quae
754 622 1050 696 longiffime
1073 624 1142 677 ab
1165 622 1502 677 obscaenitate
1527 624 1732 691 absunt,
1767 646 1925 682 occa-

217 695 410 748 fionem
453 694 793 766 turpitudinis
829 713 1026 766 rapere.
1107 693 1388 766 Siquidem
1433 693 1614 748 Celsus
1660 699 1924 769 cacopha-

217 777 311 816 ton
330 775 352 807 Ρ
365 765 506 837 apud
522 766 816 838 Virgilium
841 777 1016 837 putat,

497 862 749 937 Incipiunt
773 863 973 935 agitata
999 864 1268 934 tumescere,

124 967 194 1035 48
218 960 364 1033 quod
406 961 440 1013 fi
488 961 732 1033 recipiam,
783 961 922 1014 nihil
961 961 1016 1014 lo
1055 961 1111 1014 ui
1157 972 1338 1015 tutum
1404 962 1495 1016 est.
1584 962 1925 1020 Deformitati

216 1031 516 1102 proximum
539 1035 610 1086 est
633 1033 927 1085 humilitatis
952 1033 1152 1098 vitium,
1176 1032 1445 1083 ταπείνωσιν
1470 1045 1682 1100 vocant,
1722 1054 1826 1106 qua
1848 1037 1935 1089 rei.

216 1102 535 1175 magnitudo
558 1103 642 1156 vel
682 1103 914 1176 dignitas
941 1103 1230 1157 minuitur:
1268 1115 1349 1168 ut,
1397 1101 1562 1156 Saxea
1585 1114 1607 1146 ‘1
1632 1105 1695 1176 ⁴?st
1717 1104 1925 1163 e'verruca

217 1174 272 1225 in
288 1176 483 1246 stimmo
507 1175 680 1228 montis
711 1173 910 1227 vertice.
985 1173 1088 1226 Cui
1129 1184 1317 1228 natura
1339 1175 1683 1240 contrarium,
1727 1177 1816 1230 sed
1841 1197 1924 1230 er-

214 1261 335 1297 rore
357 1262 449 1316 par
473 1246 564 1311 est,
602 1245 772 1316 parvis
797 1244 919 1298 dare
944 1244 1254 1298 excedentia
1290 1243 1511 1297 modum
1555 1247 1793 1312 nomina,
1830 1249 1923 1300 nifi

217 1332 341 1367 cum
366 1333 432 1368 ex
453 1315 701 1368 industria
724 1314 852 1368 risus
889 1315 1016 1368 inde
1060 1326 1316 1388 captatur.
1392 1317 1580 1387 Itaque
1621 1335 1719 1369 nec
1757 1319 1924 1390 parri-

217 1384 413 1452 cidam,
430 1407 639 1459 nequam
664 1386 858 1441 dixeris
880 1386 1178 1451 hominem,
1205 1404 1303 1439 nec
1328 1384 1568 1439 deditum
1593 1386 1728 1440 forte
1751 1407 1924 1441 mere-

216 1454 357 1523 trici,
380 1456 626 1530 nefarium
647 1480 663 1510 .-
691 1457 837 1529 quod
860 1458 1082 1510 alterum
1106 1475 1309 1528 pamm,
1337 1456 1561 1510 alterum
1588 1458 1812 1511 nimium
1832 1459 1924 1515 est.

123 1550 195 1606 49
218 1527 443 1580 Proinde
462 1528 706 1599 quaedam
722 1539 738 1561 ¹
759 1528 916 1594 hebes,
925 1528 1154 1600 sordida,
1159 1527 1354 1599 jejuna,
1376 1527 1541 1598 tristis,
1559 1528 1783 1600 ingrata,
1803 1531 1926 1583 vilis

216 1598 385 1651 oratio
407 1599 496 1653 est.
571 1599 711 1654 Quae
735 1599 864 1652 vitia
897 1597 1148 1652 facillime
1173 1598 1308 1651 fiunt
1331 1608 1345 1629 ⁵
1366 1598 1631 1651 manifesta
1651 1601 1926 1654 contrariis

164 1696 171 1703 ·
216 1669 524 1723 virtutibus.
598 1673 742 1725 Nam
767 1670 997 1740 primum
1016 1681 1175 1733 acuto,
1196 1668 1479 1722 secundum
1506 1669 1681 1734 nitido,
1705 1672 1926 1725 tertium

218 1760 268 1792 co
303 1739 414 1812 iqso,
451 1740 700 1829 deinceps
726 1750 740 1776 ³
766 1740 938 1806 hilari,
999 1740 1217 1806 'uc-undo,
1268 1751 1495 1792 accurato
1535 1740 1795 1794 diversum
1831 1744 1924 1798 est.

125 1831 198 1885 50
271 1810 555 1864 standan&
577 1834 784 1882 μειωσις,
819 1830 941 1864 cum
988 1810 1190 1864 ermoni
1233 1810 1449 1881 quidem
1474 1819 1495 1842 Χ
1519 1810 1660 1864 deest
1702 1812 1923 1884 aliquid,

217 1881 364 1954 quod
384 1891 415 1914 ²⁴
431 1881 610 1935 minus
639 1882 830 1954 plenus
872 1883 950 1948 fit,
987 1899 1308 1954 quamquam
1349 1881 1405 1934 id
1447 1880 1681 1935 obscurae
1724 1884 1922 1955 potius,

246 2019 292 2070 ’,Ρ
308 2038 556 2087 cacephaton
568 2037 619 2076 G.
634 2037 738 2076 Jens.
762 2037 842 2077 Vid.
851 2035 973 2089 supra
989 2051 1046 2076 no.
1066 2053 1099 2077 c.

216 2094 235 2118 ἲ
262 2103 353 2140 quae
372 2093 460 2130 haec
480 2092 599 2130 habet
615 2092 720 2143 Jens.
740 2094 926 2143 quaedam
946 2092 1096 2131 sordida
1114 2091 1165 2131 G.

221 2149 241 2170 ²³
271 2146 385 2185 vitari
404 2146 453 2185 G.
482 2147 654 2188 vitatum
670 2146 775 2185 Jens.
882 2153 904 2175 x
931 2160 1001 2185 om.
1022 2146 1072 2186 G.

1206 2045 1228 2078 ‘l
1256 2049 1304 2077 ea
1322 2037 1373 2076 G.
1385 2049 1437 2075 ex
1450 2048 1498 2076 ea
1509 2036 1614 2076 Jens.
1631 2045 1667 2074 et
1684 2037 1736 2076 al.
1751 2046 1812 2088 ap.
1826 2040 1924 2079 Bur.

1289 2098 1302 2116 ⁸
1334 2091 1432 2129 fient
1453 2091 1504 2129 G.
1631 2093 1645 2115 ²
1675 2092 1848 2144 denique
1866 2093 1920 2132 G.

1181 2150 1200 2171 ²
1231 2145 1560 2196 quod—plenum
1580 2144 1631 2184 G.

207 2287 322 2331 tum,
351 2280 380 2323 fi
398 2294 479 2324 non
498 2295 627 2338 ponas
652 2281 951 2323 nominativum
969 2279 1035 2323 in-

215 2338 424 2396 tercapedo
440 2357 451 2381 ι
470 2339 611 2397 senfin
629 2347 779 2400 ‘autem
805 2340 927 2381 etiam
956 2339 1029 2380 bo-

216 2410 297 2440 nus
314 2397 519 2439 interdum
528 2397 772 2454 pervertitur
783 2397 836 2439 ab
855 2397 1030 2452 impuris

218 2454 283 2498 vel
295 2453 438 2508 Jocofis
458 2448 563 2497 cert}
581 2453 836 2505 hominibus,
867 2455 941 2510 qui
960 2469 1028 2496 cu-

210 2511 333 2568 piunt
349 2512 517 2579 olfiaene
534 2509 774 2568 intelligere,
787 2526 880 2568 quae
900 2511 1027 2554 alium

218 2571 262 2612 in
300 2571 454 2613 semum
489 2569 601 2612 dista
632 2570 742 2612 sunt.
814 2571 883 2611 Ita
914 2585 956 2612 v.
979 2585 1023 2627 g.

139 2648 151 2662 ἰ
218 2627 429 2672 caffiffima
474 2629 552 2670 Vir
582 2626 644 2670 ilii
687 2626 939 2670 hemistichia
987 2631 1029 2671 in

220 2687 404 2731 Centone
419 2687 564 2744 nuptia
581 2685 803 2731 ialiorsum
824 2684 939 2742 plane
957 2686 1028 2728 de-

219 2743 332 2798 torsit
347 2744 576 2794 Ausonius,
605 2744 682 2802 qui
711 2743 890 2800 virgines
916 2743 1028 2787 illius

219 2801 353 2850 musas
372 2814 517 2844 arcana
535 2799 730 2859 nuptialis
743 2801 841 2851 tori,
851 2805 932 2842 n'on
952 2801 1029 2844 line

218 2861 369 2902 rubore
382 2858 559 2910 illarum,
578 2862 713 2916 coegit
722 2859 870 2901 Latine
889 2858 1032 2902 admo-

218 2917 320 2960 dum
339 2931 386 2960 ac
404 2917 550 2960 diserte
569 2916 723 2973 eloqui.

276 2990 352 3027 47.
383 2974 616 3032 Virgilium]
648 2974 810 3032 Georg.
837 2988 878 3026 1,
901 2989 922 3027 3
931 2988 1000 3028 57.

274 3037 352 3085 48.
383 3035 526 3076 Saxea
557 3031 608 3090 est
640 3031 847 3085 verruca]
894 3032 1033 3075 Incer-

219 3101 327 3141 tum,
355 3104 408 3132 an
425 3090 597 3134 eundem
614 3104 664 3133 ex
683 3090 927 3147 Originibus
946 3089 1031 3145 Ca·-

220 3149 331 3201 tonis
368 3147 505 3191 locum
544 3162 628 3204 prae
671 3146 806 3190 oculis
840 3147 1031 3190 babuerit

220 3205 396 3256 Fabius,
425 3220 547 3262 quem
566 3204 733 3248 Gellius
757 3219 798 3258 3,
819 3219 862 3257 7,
884 3206 958 3262 qui
979 3204 1029 3247 ila

219 3263 292 3314 lud
310 3264 472 3307 videtur
505 3264 696 3313 indicare,
728 3260 883 3305 solenne
911 3261 1033 3310 *fuisse

222 3321 392 3372 Catoni,
432 3320 557 3367 locum
590 3319 740 3363 editum
775 3321 1034 3377 asperumque

219 3392 446 3422 verrucam
464 3378 681 3436 appellare.
742 3378 865 3421 Certe
893 3379 1036 3420 Saxea

220 3435 331 3498 aptid
351 3435 539 3483 Gellium
556 3451 638 3481 non
658 3435 748 3500 est„
778 3435 903 3497 Qod
921 3434 948 3479 si
967 3436 1034 3481 hic

1109 2279 1235 2323 etiam
1265 2294 1342 2338 pro
1375 2282 1516 2323 Saxea
1546 2280 1658 2336 legas
1677 2293 1699 2321 e
1718 2280 1844 2323 MSS.
1867 2290 1923 2325 ex·

1109 2352 1177 2388 ea,
1207 2337 1335 2380 intell.
1356 2339 1581 2384 ταπεινώσει,
1601 2337 1771 2395 propius
1789 2340 1841 2381 ad
1861 2340 1922 2383 lo-

1166 2411 1205 2438 m
1246 2396 1377 2439 Gellii
1425 2395 1645 2446 accesseris,
1698 2397 1808 2451 quod
1847 2411 1922 2439 nec

1151 2467 1349 2496 urmanno
1370 2454 1570 2513 displicet.
1630 2454 1840 2496 Caeterum
1860 2470 1924 2497 re-

1107 2512 1319 2568 prehendit
1357 2512 1424 2555 hic
1463 2514 1605 2561 etiam,
1648 2511 1758 2568 quod
1795 2523 1923 2563 amat,

1108 2570 1288 2621 Fabium
1303 2570 1495 2622 ὁμότεχνος
1511 2570 1670 2613 Voffius
1687 2584 1732 2621 4,
1749 2571 1772 2609 6
1779 2598 1792 2619 ,
1813 2587 1860 2625 9²
1883 2580 1924 2614 et

1108 2626 1163 2670 est
1181 2627 1271 2670 sane
1288 2637 1405 2670 tanta
1421 2627 1641 2670 similitudo
1659 2636 1707 2668 ut
1729 2626 1925 2676 Gelliana

1108 2684 1344 2729 definitione
1362 2693 1401 2727 et
1419 2699 1603 2727 verruca
1616 2685 1776 2742 proprie
1795 2686 1923 2736 dista,

1110 2751 1150 2785 et
1165 2743 1224 2793 id,
1245 2744 1357 2799 quod
1375 2743 1463 2785 vult
1478 2743 1602 2793 Cato,
1622 2756 1704 2785 non
1721 2741 1925 2786 indicetur

1109 2801 1247 2852 modo,
1267 2801 1332 2843 sed
1359 2815 1485 2858 prope
1503 2802 1789 2858 depingatur..
1829 2801 1925 2842 Me-

1111 2856 1193 2900 lius
1214 2869 1320 2901 certe
1334 2858 1426 2909 hoc,
1441 2873 1567 2916 quam
1579 2856 1786 2900 umbilicus
1798 2866 1926 2910 terre

1109 2916 1268 2959 dietum
1305 2916 1410 2961 mihi
1446 2916 1681 2965 videbatur,
1750 2915 1831 2961 uod
1866 2917 1926 2959 ita

1111 2974 1259 3017 multis
1285 2974 1458 3032 placuit,
1499 2971 1608 3030 (vid.
1637 2973 1702 3014 Vo
1736 3003 1747 3014 .
1781 2972 1926 3016 lauda-

1111 3030 1250 3075 tissimi
1285 3032 1418 3090 operis
1449 3046 1496 3083 4,
1528 3033 1572 3082 6,
1607 3030 1654 3085 ι)
1688 3043 1761 3071 nec
1792 3031 1924 3088 pejus,

1111 3103 1237 3146 quarn
1255 3103 1392 3139 vemt,
1425 3103 1529 3147 quas
1561 3087 1658 3131 auri
1685 3097 1725 3129 et
1749 3087 1925 3133 aliorum

1110 3147 1368 3190 metallorum
1387 3155 1505 3190 terrae
1523 3145 1764 3188 tribuimus.

1169 3209 1244 3256 48.
1274 3219 1330 3248 ex
1346 3204 1564 3262 industria]
1596 3203 1740 3246 Totus
1768 3200 1851 3245 fere
1869 3203 1930 3246 ie·

1113 3266 1200 3320 pos
1211 3265 1609 3316 Βατραχομυομαχίας,
1638 3260 1859 3316 virgiliani
1878 3262 1929 3304 de

1115 3321 1264 3377 apibus
1283 3320 1493 3369 carminis,
1509 3330 1548 3360 et
1567 3331 1706 3360 eorum
1726 3321 1928 3368 omnium,

1115 3378 1273 3433 quibus
1328 3378 1580 3418 minutarum
1626 3389 1760 3417 rerum
1794 3375 1930 3433 elogia

1117 3435 1391 3486 continentur,
1422 3448 1470 3476 ex
1488 3449 1535 3485 eo
1558 3432 1668 3495 ¹fonte
1687 3432 1898 3491 profluxit.
