2320 4030
328 336 358 392 8
552 376 555 383 ,
735 330 810 383 Μ.
844 331 1055 384 F‘ABII
1089 331 1666 380 QUINCTILI—ANI

327 476 511 523 notata
533 468 693 522 unius
718 467 1052 523 affe&atione
1067 478 1101 501 ¹³¹
1124 467 1293 532 verbi,
1319 465 1579 536 hospitem
1607 464 1776 518 dixit:
1816 479 1915 519 nec
1940 465 2048 520 alio

326 540 380 594 se
419 540 476 592 id
521 539 917 612 deprehendiffe
955 539 1152 592 interro
1193 549 1279 590 ata
1298 547 1318 570 ‘¹
1358 537 1649 608 respondit,
1691 555 1849 608 quam
1899 537 2047 609 quod

328 608 535 664 nimium
557 611 722 666 Attice
743 610 1068 682 loqueretur.
1193 620 1216 660 t
1238 609 1294 660 in
1318 608 1448 660 Tito
1473 607 1648 672 Livio,
1676 607 1824 677 mirae
1859 608 2047 662 facun-
2067 619 2100 673 3

330 681 437 734 diae
460 682 593 746 vir0,
615 691 768 753 putat
792 682 947 734 ineffe
973 677 1140 733 Pollio
1164 679 1375 732 Asinius
1396 678 1682 750 quamdam
1714 679 2048 732 Patavinita-

331 763 445 807 tem.
520 754 718 817 Quare,
745 754 777 806 fi
805 753 915 804 fieri
941 752 1124 822 potest,
1149 761 1204 803 et
1228 751 1388 803 verba
1421 750 1621 815 omnia,
1647 759 1702 803 et
1741 769 1862 814 vox,
1889 749 2051 822 hujus
2103 790 2107 794 .

329 823 608 877 alumnum
627 834 647 856 ⁰
678 823 824 876 urbis
847 822 1045 888 oleant,
1070 832 1134 875 ut
1155 821 1325 883 oratio
1353 822 1592 873 Romana
1612 821 1767 892 plane
1792 820 2050 887 videatur,

331 913 440 949 non
466 895 683 948 civitate
706 893 918 946 donata.
1921 952 1925 955 ,

407 967 482 1019 Π.
523 955 851 1038 Perspicuz‘tas
889 965 943 1017 in
984 963 1157 1017 verbis
1196 962 1516 1033 praecipuam
1555 963 1719 1016 habet
1757 964 2050 1037 proprieta-

334 1045 483 1090 tem:
522 1037 610 1089 sed
644 1036 922 1108 proprietas
958 1035 1066 1105 ipsa
1105 1052 1208 1086 non
1255 1033 1559 1104 {impliciter
1587 1033 1865 1104 accipitur.
1940 1034 2055 1088 Pri-

333 1126 458 1160 mus
480 1108 624 1159 enim
661 1105 965 1159 intellefims
990 1107 1063 1159 est
1097 1105 1189 1158 sua
1211 1104 1464 1176 cujusque
1488 1104 1561 1157 rei
1585 1105 1869 1177 appellatio
1893 1128 1908 1159 ι
1934 1125 2058 1177 qua.

280 1213 281 1217 =
335 1196 443 1231 non
467 1178 671 1248 semper
697 1177 916 1230 utimur.
989 1178 1134 1229 Nam
1165 1187 1221 1229 et
1245 1176 1492 1229 obscoena
1516 1176 1825 1242 vitabimuS,
1853 1188 1910 1230 et
1945 1179 2052 1230 sor-
2078 1188 2112 1228 2

329 1249 482 1316 dida,
507 1260 564 1302 et
588 1247 835 1301 humilia.
913 1249 1051 1301 Sunt
1084 1257 1266 1300 autem
1302 1247 1529 1300 humilia
1562 1246 1695 1299 infra
1733 1247 2054 1320 dignitatem
2136 1246 2138 1248 ’

334 1339 534 1384 rerum,
561 1331 653 1371 aut
679 1319 897 1374 ordinis,
973 1321 1034 1370 ln
1059 1337 1165 1389 quo
1190 1318 1322 1370 vitio
1359 1318 1594 1372 cavendo
1625 1337 1732 1371 non
1769 1318 2056 1372 mediocri-

334 1401 420 1444 -ter
462 1391 677 1462 quidam
714 1408 886 1443 errare
920 1390 1108 1455 solent,
1135 1389 1228 1461 qui
1261 1389 1458 1453 omnia,
1486 1409 1605 1461 quae
1640 1390 1762 1442 sunt
1802 1390 1854 1442 in
1877 1399 1899 1432 Ρ
1941 1391 2058 1456 usu,

341 1462 540 1515 etiamfi
579 1460 762 1514 cauffae
801 1461 1066 1513 neceffitas
1092 1459 1316 1532 postulet
1335 1471 1377 1526 ⁹,
1403 1459 1749 1513 reformidant
1770 1472 1785 1493 ¹
1808 1482 1820 1514 z
1859 1472 1922 1514 ut
1945 1461 2059 1528 ille,

341 1532 436 1603 qui
461 1533 514 1585 in
541 1532 750 1585 ειᾶὶίοηθ
774 1532 989 1586 Iber-icas
1016 1532 1206 1597 herbas,
1235 1532 1287 1584 se
1315 1532 1425 1584 solo
1461 1531 1821 1604 nequidquam
1846 1541 1861 1564 ⁸
1899 1531 2063 1590 intel-'

247 1651 250 1659 .
338 1603 822 1675 ligente,.dicebat‚
851 1603 939 1655 nisi
973 1602 1194 1656 irridens
1220 1603 1358 1655 hano
1394 1614 1685 1658 vamtatem
1727 1603 1926 1657 Caffius
1963 1605 2060 1663 Se÷

342 1694 519 1739 vet-US,
549 1675 784 1746 spartum
823 1693 946 1727 eum
983 1673 1160 1727 dicere
1199 1674 1336 1727 velle
1370 1673 1654 1729 indicasset.
1727 1676 1850 1731 Nec
1884 1674 2060 1742 viden,
2082 1687 2115 1741 3

381 1765 507 1800 uare
533 1745 704 1799 clarus
729 1756 903 1797 orator
928 1746 1131 1798 duratos
1155 1745 1319 1797 muria
1338 1746 1490 1818 pisces
1514 1745 1737 1802 nitidius
1765 1746 1864 1799 effe
1891 1745 2062 1803 credi-

343 1765 502 1882 gerit,
547 1835 710 1888 quam
754 1816 924 1887 ipsum
967 1817 1044 1882 id,
1095 1816 1240 1888 quod
1290 1817 1545 1872 vitabat‘.
1621 1818 1686 1870 In
1733 1817 1836 1874 hac
1883 1828 2105 1875 autem.-

344 1887 676 1959 proprietatis
704 1887 890 1958 specie,
920 1907 1042 1959 quae
1067 1887 1375 1941 nominibus
1401 1887 1518 1959 ipsis
1554 1887 1807 1960 cujusque
1841 1888 1919 1942 rei
1956 1888 2066 1944 uti-

345 1969 452 2024 tur,
480 1957 628 2011 nulla
663 1958 830 2011 virtus
873 1959 980 2012 est:
1021 1969 1182 2029 atque
1219 1959 1268 2012 ei
1309 1959 1631 2016 contrarium
1667 1961 1738 2016 est
1773 1961 1966 2014 vitium
1990 1959 2066 2027 id,

347 2029 534 2101 quodu
575 2029 720 2100 apud
759 2047 857 2082 nos
895 2029 1228 2102 improprium,
1272 2027 1434 2099 ἄκυρον
1475 2030 1618 2101 apud
1659 2033 1876 2084 Graecos
1910 2050 2069 2093 voca-

349 2113 474 2153 tur:
534 2099 689 2171 quale
731 2101 1091 2165 ests-stantum
1116 2103 1327 2173 sperare
1370 2100 1618 2158 dolorem:
1674 2113 1786 2167 aut,
1829 2102 1974 2173 quod
2013 2103 2127 2166 in4

353 2171 594 2226 oratione
618 2170 916 2230 Dolabellae
942 2175 1286 2230 emendatum
1310 2191 1342 2226 a
1365 2172 1623 2228 Cicerone
1647 2173 1913 2240 annotavi,
1937 2194 2072 2230 mor-

404 2362 436 2383 ¹⁸
469 2358 676 2397 affcffione
697 2358 748 2397 id.
880 2362 899 2381 ¹¹
935 2357 1147 2407 interrogat
1163 2357 1270 2399 Jens.
1396 2359 1420 2384 0
1447 2357 1659 2397 alumnam
1678 2359 1754 2399 effe
1772 2360 1881 2399 urbis
1896 2359 2003 2400 oleat
2020 2361 2076 2403 G.

353 2418 381 2444 r·
402 2426 470 2450 om.
492 2413 542 2450 G.
562 2412 668 2451 Jens.
796 2415 814 2442 q
848 2411 1019 2461 postulat
1038 2413 1090 2451 G.
1219 2416 1234 2435 r
1265 2412 1522 2452 reformident
1538 2413 1645 2454 Jens.
1771 2421 1785 2444 Ξ
1814 2423 2076 2467 nequaquam

355 2466 406 2504 G.
426 2467 531 2506 Jens.
657 2470 668 2494 t
697 2464 856 2503 videbat
876 2465 943 2503 iid.
1069 2471 1087 2490 υ
1121 2479 1190 2504 om.
1212 2466 1263 2504 G.
1279 2466 1385 2506 Jens.

356 2632 461 2689 ἅψει
478 2631 563 2682 illa,
582 2631 846 2688 I-Xospes‚non
869 2639 962 2687 pote
981 2631 1170 2682 minoris,
1253 2630 1334 2674 tria
1364 2630 1487 2688 sparti
1508 2631 1725 2688 Hispania.
1772 2635 1912 2678 Locus
1949 2636 2078 2682 deaeo

355 2689 478 2747 tultffi‘
509 2704 599 2732 eum
633 2689 854 2747 molzsse,fi›
889 2703 964 2730 non
995 2688 1173 2745 ffugere
1255 2688 1439 2732 classicus
1459 2689 1570 2732 Plin.
1598 2705 1666 2745 19,
1687 2706 1731 2742 2,
1750 2691 1780 2733 s.
1807 2708 1849 2744 7.
1871 2692 1933 2752 sq.

357 2747 515 2848 ssim
534 2746 724 2805 speciem,
745 2761 833 2788 cum
852 2754 1012 2788 aetatem
1031 2755 1174 2803 ageret
1319 2762 1358 2799 3.
1390 2748 1559 2790 duratos
1575 2746 1713 2790 muria
1736 2749 1880 2807 pifi‘es]
1913 2753 1947 2794 F
1948 2751 2077 2794 irma-

397 2804 539 2854 thenis,
568 2803 784 2861 optimeque
814 2803 1056 2860 loqueretur.
1111 2806 1174 2846 Si·
1257 2815 1322 2847 tos
1356 2805 1433 2847 sale
1472 2816 1510 2848 et
1548 2806 1820 2850 durabiliores
1859 2809 2076 2864 redditos3

357 2864 456 2907 mile
475 2862 579 2920 quid
597 2862 648 2904 de
663 2862 908 2923 QValerio
924 2862 1075 2905 Sorano
1089 2877 1175 2905 me·
1258 2877 1355 2907 cum
1390 2863 1574 2919 alioquin
1607 2865 1693 2906 cito
1723 2867 1764 2907 in
1793 2866 1930 2914 tabem
1950 2867 2078 2914 solve·

361 2931 496 2965 morat
514 2920 563 2962 de
585 2922 703 2964 Orat.
733 2935 772 2973 3,
798 2936 815 2961 1
830 2935 867 2969 ι,
888 2930 992 2962 extr.
1258 2931 1415 2963 rentur.
1477 2922 1589 2964 Hinc
1621 2921 1702 2978 ipsa
1728 2923 1866 2967 muria
1883 2925 1993 2970 dura
2011 2925 2079 2974 di-

424 2994 464 3032 3.
497 2976 1038 3031 Livio—Patavinitatem]
1074 2977 1176 3020 vid.
1259 2979 1383 3028 citur,
1403 2987 1452 3020 ut
1477 2978 1639 3035 pallida
1665 2995 1772 3024 mors
1801 2982 2018 3034 nimirum,
2037 2993 2081 3027 et

366 3053 407 3088 χ,
431 3052 472 3091 5,
497 3037 569 3089 56.
1260 3035 1383 3094 tristis
1409 3036 1635 3094 fintentia,
1673 3053 1767 3094 quae
1815 3039 1992 3097 pallidos
2029 3056 2079 3089 ac

426 3109 467 3147 3.
495 3092 702 3141 alumnum
735 3091 847 3139 urbis
879 3091 1033 3146 oleant]
1082 3092 1177 3137 Cic.
1261 3094 1393 3136 tristes
1418 3095 1609 3141 reddunt.
1661 3096 1842 3140 Laudati
1863 3098 1984 3150 ¹sunt,
2003 3100 2081 3157 qui

361 3153 413 3195 de
445 3154 564 3195 Orat.
601 3166 640 3205 3,
666 3166 735 3193 12.
784 3151 885 3192 Cum
906 3149 961 3205 fit
992 3152 1180 3207 quaedam
1262 3153 1419 3208 egerint
1437 3153 1488 3194 de
1507 3152 1645 3195 muria
1662 3154 1771 3195 dura
1792 3170 1816 3205 a
1841 3154 2081 3214 Schoettge-

362 3218 478 3252 certa
505 3222 597 3251 vox
628 3207 800 3256 Romani
817 3208 980 3262 generis
998 3207 1183 3266 urbisque
1264 3211 1337 3252 nio
1370 3221 1410 3252 et
1442 3225 1506 3252 me
1541 3210 1591 3253 ad
1625 3210 1720 3257 Col.
1759 3228 1828 3264 12,
1861 3216 1904 3266 6,
1929 3230 1970 3266 1,
2004 3216 2083 3264 ubi

358 3266 544 3325 propria,
572 3265 615 3308 in
647 3280 730 3330 qua
760 3264 863 3308 nihil
891 3265 1053 3320 offendi,
1084 3265 1189 3308 nihil
1263 3268 1350 3322 ejus
1371 3266 1570 3311 faciendae
1589 3270 1695 3311 ratio
1721 3271 1914 3316 traditur.
1961 3273 2083 3315 Vita-

363 3324 582 3383 displicere,
612 3322 718 3366 mhil
747 3323 1035 3366 animati-verti
1058 3323 1181 3379 pcffit,
1263 3325 1338 3367 bat
1366 3336 1502 3369 autem
1531 3327 1666 3370 clarus
1699 3327 1766 3369 hic
1796 3341 1951 3382 orator,
1971 3331 2083 3389 quis-

367 3382 471 3426 nihil
485 3383 639 3440 fimare
668 3391 743 3424 aut
765 3381 870 3423 olere
890 3381 1180 3437 peregrinum3
1265 3383 1360 3442 quis
1382 3382 1482 3435 fuit,
1493 3383 1744 3442 saffamenta
1761 3386 1914 3430 dicere.

365 3441 470 3484 hanc
482 3441 531 3499 μ’
557 3453 720 3481 uamur.
770 3438 896 3482 Plura
915 3439 964 3481 de
983 3439 1086 3482 olere
1106 3439 1183 3483 hoc
1331 3458 1367 3495 3.
1406 3443 1583 3499 sperare
1623 3442 1815 3500 dolorem]
1868 3446 1990 3506 Qod
2030 3446 2085 3491 est

366 3497 474 3543 sensu
495 3513 521 3540 u
540 3506 687 3554 urpato
705 3497 853 3540 Burin.
1266 3499 1440 3558 Virgilii
1458 3501 1569 3550 AEn.
1591 3515 1637 3554 4,
1657 3515 1762 3558 419.
1953 3500 1955 3502 ¹
2043 3493 2051 3499 ’

426 3557 492 3607 11,
525 3570 569 3604 2·
593 3555 812 3615 'spat-tum]
863 3555 1076 3605 Nimirum
1111 3570 1185 3615 pa-
1728 3562 1730 3565 '
