2320 4030
311 400 411 469 308
702 405 1023 455 M.‹FA1311
1074 401 1649 454 QUINCTILIANI

312 535 467 595 fuit(
508 540 712 594 Verum
749 550 825 608 et,
849 541 1015 595 virtus
1051 540 1182 622 quid
1219 540 1296 606 fit,
1322 538 1533 593 adversa
1567 539 1618 591 ei
1654 536 1852 589 malitia
1882 535 2037 596 dcte-

312 612 434 684 git:
474 621 530 666 et
564 612 778 684 aequitas
816 612 876 665 fit
914 632 979 666 ex
1016 612 1173 683 inzqui
1210 610 1659 681 contemplatione
1697 606 2036 673 manifestior,

313 695 371 736 et
395 680 624 755 plurima
646 683 919 736 contrariis
942 684 1253 754 probantur.
1326 683 1542 735 Debent
1575 698 1704 750 ergo
1740 678 1933 732 oratori
1970 679 2040 732 fic

314 754 416 807 'effe
455 753 862 808 adversariorum
903 764 1032 807 nota
1071 753 1303 818 confilia,
1346 762 1407 805 ut
1446 752 1672 804 hostium
1713 749 2038 821 imperatori.

314 826 518 880 Verum
551 834 607 876 et
642 823 797 891 illud,
823 824 970 897 quod
1005 824 1177 896 prima
1210 824 1560 895 propositione
1585 822 1778 875 durum
1806 821 2037 886 videtur,
2059 819 2133 889 36

312 895 479 967 potest
503 895 685 948 afferre
709 896 862 961 ratio,
889 905 952 948 ut
975 895 1061 947 vir
1087 895 1236 947 bonus
1271 895 1326 947 in
1365 893 1661 946 defensione
1692 891 1879 946 cauffae
1909 892 2043 947 velit

315 965 522 1020 auferre
560 963 845 1037 aliquando
876 964 1052 1038 judici
1084 966 1380 1018 veritatem.
1455 964 1623 1018 Quod
1658 964 1690 1015 si
1727 963 1849 1034 quis
1883 981 1917 1016 a
1951 980 2042 1016 me

314 1035 539 1110 proponi
573 1035 870 1102 mirabitur,
903 1041 1248 1108 (quamquam
1280 1055 1389 1088 non
1423 1037 1495 1088 est
1527 1035 1646 1088 haee
1677 1053 1798 1087 mea
1830 1033 2043 1106 proprie

313 1104 592 1177 sententia,
620 1106 706 1159 sed
731 1126 934 1172 eorum,
962 1125 1096 1178 quos
1119 1106 1446 1177 graviffimos
1468 1105 1732 1177 sapientiae
1768 1105 2043 1177 magistros

316 1189 443 1230 aetas
484 1189 636 1231 vetus
676 1177 922 1246 credidit)
954 1178 1022 1230 fic
1062 1177 1265 1249 judicet
1282 1177 1317 1243 ¹,
1344 1177 1590 1248 pleraque
1627 1176 1747 1242 effe,
1774 1191 1895 1247 quae
1933 1193 2043 1228 non

314 1258 430 1302 ‘tam
460 1247 632 1314 factis,
696 1267 817 1302 uam
846 1249 1028 1302 cauffis
1052 1267 1258 1314 eorum,
1285 1248 1370 1301 vel
1405 1248 1620 1300 honesta
1644 1247 1791 1312 fiant,
1818 1247 1902 1301 vel
1927 1255 2042 1317 tur-5

312 1320 423 1392 pia.
497 1321 640 1373 Nam
683 1339 701 1371 1
729 1320 964 1374 hominem
986 1320 1213 1386 occidere,
1233 1322 1404 1392 scepe¹
1430 1319 1615 1384 virtu-9,
1643 1318 1818 1371 liberos
1853 1334 2043 1385 necare,
2065 1327 2136 1387 37

317 1398 726 1463 'nonnumquam
760 1390 1179 1464 pulcherrimum
1214 1391 1285 1444 est
1303 1411 1320 1457 3
1371 1390 1630 1461 asperiora
1661 1388 1910 1461 quaedam
1946 1390 2044 1442 ad-

315 1462 427 1516 huc
459 1462 626 1526 dieta,
654 1463 687 1514 fi
727 1462 1029 1514 communis
1064 1461 1268 1515 utilitas
1303 1461 1561 1533 exegerit,
1587 1460 1759 1514 facere
1792 1461 2044 1533 concedi-

317 1543 437 1598 tur3
497 1552 564 1585 ne
607 1533 714 1587 hoc
759 1532 976 1605 quidem
1026 1533 1283 1586 nudumm
1325 1533 1401 1585 est
1449 1531 1790 1597 intuendum,
1830 1532 2048 1603 qualern

318 1604 546 1658 caussam
572 1604 651 1656 vir
671 1604 867 1669 bonuS,
892 1604 981 1657 sed
1008 1603 1170 1656 etiam
1196 1623 1375 1675 quare,
1402 1613 1458 1656 et
1490 1621 1598 1675 qua
1630 1614 1832 1669 niente,
1857 1602 2061 1656 defen-,
2107 1623 2115 1663 g

316 1675 410 1728 dat
429 1685 470 1728 ¹¹.
543 1675 628 1727 Ac
657 1675 890 1749 primum
929 1674 1226 1728 concedant
1249 1674 1385 1727 mihi
1417 1692 1605 1727 omnes
1643 1683 1872 1745 oportet,
1900 1673 2047 1746 quod
2067 1673 2138 1744 38

320 1747 622 1801 Stoicorum
670 1763 778 1817 quo
819 1764 888 1799 ue
933 1745 1198 1818 asperrimi
1245 1745 1587 1809 confitentur,
1637 1744 1917 1800 faeturum
1948 1744 2048 1798 ali-

318 1817 537 1890 quando
582 1816 754 1870 virum
833 1835 1020 1882 onum,
1058 1828 1121 1869 ut
1160 1816 1497 1870 mendacium
1538 1816 1702 1882 dicat,
1737 1826 1792 1869 et
1830 1816 2052 1886 quidem

318 1906 726 1958 nonnumquam
761 1887 1049 1941 levi-oribus
1083 1888 1304 1941 caustis:
1344 1899 1406 1941 ut
1432 1887 1486 1940 in
1520 1886 1700 1958 pueris
1738 1888 2051 1959 aegrotanti-
2139 1958 2142 1959 ⁷

316 1960 440 2024 buS,
485 1959 732 2012 utilitatis
779 1977 965 2011 eorum
1003 1959 1174 2031 gratia
1216 1958 1389 2011 multa
1428 1959 1706 2030 finginmS,
1732 1958 1906 2012 multa
1941 1977 2051 2011 non

316 2030 507 2085 {asturi
530 2029 922 2102 promittimus:
963 2029 1162 2083 nedum
1190 2030 1222 2082 fi
1248 2032 1314 2083 ab
1336 2029 1561 2082 homine
1584 2029 1882 2082 occidendo
1905 2031 2048 2102 gras·
2069 2045 2142 2101 39

315 2102 455 2155 sator
477 2101 795 2154 avertendus
821 2102 900 2166 fit,
927 2111 1022 2153 aut
1045 2101 1206 2154 hostis
1231 2119 1325 2172 pro
1352 2101 1515 2153 salute
1541 2101 1724 2172 patriae
1747 2099 2012 2156 fallendus
2035 2123 2049 2155 ε

318 2185 382 2226 ut
407 2173 531 2238 hoe,
560 2172 706 2243 quod
731 2172 857 2224 alias
895 2172 950 2224 in
987 2172 1143 2226 servis
1177 2181 1395 2245 quoque
1429 2171 1930 2244 reprehendendum
1960 2174 2052 2239 est,

320 2245 382 2297 fit
426 2244 555 2297 alias
603 2244 657 2295 in
706 2243 818 2314 ipso
863 2241 1095 2314 sapiente
1141 2242 1486 2296 laudandum.
1562 2242 1626 2295 Id·
1666 2243 1702 2294 si
1744 2243 2054 2310 constiterit,

320 2315 493 2368 multa
518 2313 633 2386 jam
673 2315 829 2369 video
864 2311 1006 2386 posse
1045 2315 1278 2379 evenire,
1307 2326 1520 2386 propter
1547 2333 1667 2386 quae
1700 2325 1879 2367 orator
1913 2315 2056 2369 bene

319 2386 563 2457 suscipiat
589 2385 693 2438 tale
717 2385 901 2439 cauffae
936 2403 1130 2456 genuS,
1158 2385 1334 2458 quale,
1359 2396 1565 2438 remota
1588 2385 1793 2439 ratione
1817 2385 2053 2453 honesta,

322 2475 431 2509 non
479 2456 772 2529 suscepisset
792 2461 834 2510 ⁰.
908 2457 1030 2509 Nec
1074 2455 1179 2510 hoc
1222 2457 1367 2522 dico,
1406 2456 1535 2528 quia
1582 2456 1861 2510 severiores
1907 2458 2056 2530 sequi
2073 2471 2148 2525 40

322 2529 500 2600 placet
529 2527 698 2600 legeS,
728 2545 823 2600 pro
859 2538 1031 2600 patre,
1059 2527 1236 2593 fratre,
1265 2529 1439 2585 amico
1477 2527 1899 2599 periclitantibus
1916 2549 1934 2595 3
1972 2540 2056 2582 ta-

322 2599 471 2652 metfi
489 2612 510 2643 Ρ
547 2617 654 2651 non
681 2598 969 2652 mediocris
991 2597 1250 2652 haefitatio
1286 2601 1377 2662 est,
1403 2599 1531 2652 hinc
1551 2598 1768 2670 jtgstitiae
1797 2601 2060 2673 proposita

326 2669 583 2741 imagine,
609 2669 737 2722 inde
753 2669 956 2741 pietatis
979 2690 996 2722 .·
1035 2670 1309 2723 non‘nibil
1336 2670 1486 2724 dubii
1518 2670 1900 2743 relinquamuS.
1951 2672 2060 2726 -Sit

325 2740 518 2813 aliquis
554 2740 823 2793 insidiatus
847 2750 1092 2813 tyrannO,
1118 2750 1278 2813 atque
1302 2742 1371 2795 ob
1399 2741 1453 2796 id
1477 2759 1600 2795 reus
1625 2758 1655 2794 :³
1678 2753 1930 2796 utrumne
1950 2741 2058 2796 'sal-

325 2828 457 2865 vum
495 2829 621 2864 eum
664 2810 832 2864 nollet
854 2822 877 2854 ‘1
917 2811 982 2877 is,
1011 2813 1106 2884 qui
1143 2831 1175 2865 a
1208 2813 1364 2866 nobis
1401 2813 1600 2879 finitur,
1639 2815 1855 2867 orator?
1895 2833 1983 2880 an,
2022 2815 2059 2867 fi

325 2882 592 2936 tuendum
636 2881 935 2953 susceperit,
972 2901 1078 2935 non
1120 2893 1231 2936 tam
1274 2884 1410 2938 falfls
1453 2883 1724 2951 defendet,
1762 2889 1924 2957 quain
1959 2885 2060 2958 qui

327 2954 474 3026 apud
503 2951 718 3025 judices
758 2953 954 3006 malam
995 2954 1222 3007 cauffam
1265 2959 1483 3010 tuetur?
1538 2955 1691 3010 Quid
1735 2956 1768 3008 fi
1849 2955 2058 3011 uaedam
2077 2967 2145 3020 41

326 3026 466 3079 bene
504 3025 644 3076 facta
685 3023 1031 3077 damnaturus
1069 3026 1139 3078 est
1167 3025 1357 3097 judex,
1395 3027 1486 3079 nifi
1530 3044 1593 3079 ea
1630 3045 1737 3079 non
1783 2976 1883 3080 esse
1922 3027 2063 3082 facia

326 3095 719 3150 convicerimus
740 3106 791 3149 ¹:
830 3113 939 3149 non
963 3095 1048 3148 vel
1074 3096 1179 3150 hoc
1202 3097 1364 3152 modo
1387 3097 1614 3154 servabit
1638 3109 1816 3151 orator
1840 3116 1947 3152 non
1973 3099 2060 3153 in-

386 3249 396 3276 ῑ
425 3250 611 3299 judicent
629 3249 681 3289 G.
805 3247 815 3274 ¹
847 3250 949 3302 saepe
965 3250 1089 3289 virtus
1106 3265 1176 3292 om.
1193 3252 1247 3292 G.
1375 3260 1407 3283 ¹¹²
1433 3243 1622 3294 'nondum
1641 3254 1747 3294 Jens.
1874 3266 1902 3292 n
1926 3255 2063 3296 defen·

332 3305 392 3344 dit
411 3306 464 3344 G.
572 3309 591 3328 ⁰
621 3316 751 3356 recep.
770 3304 823 3344 G.
931 3309 951 3338 Ρ
977 3313 1116 3345 tamen
1134 3306 1164 3346 sx
1183 3306 1291 3346 med.
1311 3306 1362 3347 G.
1472 3314 1491 3340 ‘i
1523 3307 1636 3348 nolet
1653 3310 1704 3350 G.
1721 3308 1827 3350 Jens.
1917 3317 1935 3340 τ
1963 3310 2065 3350 son-

332 3361 587 3400 vinceremus
606 3359 657 3398 G.

398 3494 467 3533 37.
517 3477 661 3521 liberos
705 3475 1153 3534 necare—pulcherri-
1196 3531 1199 3534 ῃ
1235 3480 1316 3522 non
1346 3480 1634 3525 contradicunt
1661 3481 1735 3525 nisi
1763 3482 1807 3526 in
1823 3483 1966 3535 verbo,
1985 3482 2061 3542 qui

334 3538 466 3592 mum]
500 3537 562 3579 Ut
591 3537 633 3580 in
653 3536 781 3593 Junio
808 3537 943 3580 Bruto
971 3537 1074 3579 Cos.
1105 3546 1156 3580 ut
1199 3538 1200 3541 ’
1235 3537 1488 3582 mendacium
1546 3539 1841 3598 appellandum
1888 3542 2059 3599 n'e'gant,

336 3597 382 3640 in
401 3595 581 3638 Manlio.
1202 3599 1205 3603 “
1234 3610 1335 3638 cum
1364 3597 1474 3640 bono
1497 3596 1667 3641 ‘consilio
1692 3597 1967 3644 dissimulatur
1990 3611 2059 3648 ve-

400 3657 469 3709 38.
501 3660 547 3696 ut
563 3651 814 3696 mendacium
831 3651 965 3707 dicat]
986 3651 1156 3713 Qibus
1237 3654 1356 3705 ritaS,
1375 3653 1523 3700 falsum
1542 3656 1723 3701 dicium
2007 3658 2012 3667 “
