2320 4030
645 350 924 405 ms‘rrr.
956 352 1290 404 ORATOR.
1324 339 1599 406 L113.'1x,·
1619 366 1666 407 2.
1949 355 2031 421 85'

301 486 531 540 cendum
568 487 670 542 fit?
707 489 1002 544 cu'usmodi
1037 489 1294 562 exemplis
1331 489 1488 562 plena
1518 489 1639 544 sunt
1672 490 2032 546 omniaz'sed·

299 577 470 612 unum
504 558 725 614 interim.
775 562 960 626 ufficit,
997 562 1263 633 Equidem,
1298 563 1433 632 quod
1467 563 1540 614 ad
1575 581 1650 614 me
1687 563 1883 629 attinet,
1917 584 2010 635 quo

297 649 373 680 me
398 641 608 696 vertam,
632 633 803 702 nescio.
879 632 1066 704 Negem
1082 632 1240 703 suff
1263 632 1526 704 iufamium
1538 634 1727 705 judicii
1750 636 2013 706 corrupti?

300 698 408 753 &a
483 702 607 754 Hoc
645 703 807 755 etiam
848 702 907 758 in.
947 703 1272 775 praeteritum
1312 703 1484 756 valet:
1525 722 1647 756 nam
1675 715 1730 757 et
1755 704 2011 774 dubitasse

210 781 278 821 20
301 788 398 823 nos
444 770 715 843 fingimus,
790 775 842 826 A
886 781 996 846 quo
1033 775 1298 827 schemate
1340 792 1446 826 non
1486 773 1674 846 procul
1714 771 1854 828 abest
1897 776 2008 842 illa,

234 863 237 867 ·
297 859 428 912 quae.
455 842 670 896 <dicitu-r
716 844 1097 910 communicatio,
1146 863 1278 900 cum⁴
1319 857 1413 898 aut
1435 854 1459 882 ‘²⁴
1512 845 1648 916 ipsos
1693 845 2024 906 adversarios·-

295 913 640 980 oonsulimus,
683 927 746 968 ut
786 916 1062 969 Domitius
1096 915 1231 969 Afer
1271 934 1366 987 pro
1404 915 1692 974 Cloantilla
1711 918 1753 983 d,
1794 918 1876 970 At
1912 917 2010 973 illa

292 984 443 1053 nescit
485 985 679 1058 trepida
699 996 740 1050 θ’,
777 987 901 1059 quid
935 986 1082 1040 liceat
1102 987 1339 1059 feminee,
1372 988 1495 1060 quid
1524 989 1771 1059 conjugem
1807 989 1973 1043 deceat
1989 1011 2018 1042 .·*

275 1052 421 1124 forte
461 1076 550 1108 vos
598 1057 659 1109 in·
699 1056 792 1110 illa
823 1057 1100 1130 solitudine
1123 1059 1140 1091 f
1187 1059 1351 1111 obvios
1395 1059 1533 1129 casus
1579 1061 1767 1132 milerae
1813 1060 2022 1113 mulieri

295 1124 474 1178 obtulit
499 1147 517 1179 ι
579 1137 651 1193 tu,
685 1128 885 1199 frater,
938 1149 1045 1193 vos,
1097 1129 1300 1202 paterni
1359 1130 1524 1195 amici,
1580 1131 1713 1202 quod
1762 1132 2018 1202 corfilium-

207 1203 270 1246 21
295 1196 430 1250 datis
451 1199 482 1249 ἓ
534 1198 652 1252 Aut
695 1218 822 1253 cum
863 1200 1129 1255 ‘udicibus
1169 1200 1310 1270 quafi
1348 1200 1725 1267 deliberamUS,
1759 1203 1905 1274 quod
1935 1204 2019 1262 est,

223 1302 227 1311 -
292 1264 787 1339 frequentifflmum,
831 1221 971 1342 duic!
990 1269 1269 1343 suadetis?
1321 1281 1394 1337 et,
1444 1271 1538 1327 Vos
1581 1272 1845 1394 ὶηίεννοῗο,
1889 1275 2020 1346 quid:

293 1340 492 1392 tandem
507 1340 638 1410 fieri
660 1343 916 1412 oportuit?
950 1354 1014 1395 ut
1037 1343 1173 1396 Cato
1195 1363 1208 1396 z
1253 1342 1401 1409 Cedo,
1418 1343 1477 1412 st
1500 1363 1587 1396 vos
1611 1343 1666 1395 iu
1689 1364 1740 1396 eo
1787 1363 1863 1397 oco
1889 1347 2023 1416 effe-f

293 1408 376 1474 tis,
401 1410 525 1482 quid
543 1411 694 1465 aliud
693 1412 932 1484 ficiffetis
951 1416 983 1467 ἒ
1016 1414 1088 1467 Et
1111 1413 1256 1479 alibi,
1285 1413 1590 1467 Communem
1613 1433 1715 1467 rem
1737 1414 1827 1486 agi
1849 1426 2020 1486 puta-2

203 1490 272 1531 22
292 1489 406 1547 tote,
447 1502 508 1534 ac
555 1503 643 1536 vos
687 1485 800 1538 huie
843 1484 916 1536 rei
960 1485 1237 1557 praeposttos
1281 1486 1386 1556 ff.
1462 1485 1566 1539 Sed
1605 1504 2022 1557 nonnumquam.

291 1553 752 1608 communicantes
775 1555 976 1626 aliquid
1001 1555 1412 1626 inexspectatum
1436 1555 1831 1628 subjungimuS,
1859 1558 2010 1629 quod

288 1633 466 1705 etssper
483 1623 535 1677 se
568 1625 778 1679 schema
812 1627 918 1681 est:
958 1637 1022 1679 ut
1044 1627 1098 1679 in
1124 1628 1346 1680 Verrem
1372 1626 1580 1693 Cicem,
1609 1627 1747 1684 Ouid
1779 1628 1954 1681 deinde
1975 1631 2031 1682 ,θ’

288 1695 416 1778 quid
444 1697 639 1769 censetis
659 1699 691 1748 ἒ
725 1697 940 1768 furtum>
951 1698 1187 1770 fortaffe,
1214 1709 1303 1751 aut
1330 1699 1557 1771 praedam
1582 1698 1803 1771 aliquam
1823 1701 1859 1751 ἒ·
1890 1701 2016 1755 De·

288 1765 436 1831 mde,
486 1785 613 1820 cum
660 1768 756 1821 diu
802 1768 1140 1840 suspendifl'et-
1185 1767 1432 1841 judicum
1485 1769 1711 1835 animosi,
1761 1769 2006 1841 subjecit,

200 1847 265 1902 23
289 1836 435 1909 quod
472 1838 646 1892 multo
683 1838 808 1892 effet
848 1839 1158 1911 improbius.
1230 1842 1356 1894 Hoc
1397 1841 1593 1895 Celsus
1604 1840 2013 1913 sustentationem.

287 1918 462 1962 vocat.
537 1910 626 1963 Est
663 1921 844 1964 autem
882 1911 1110 1982 duplex:
1151 1930 1275 1970 nam
1316 1923 1500 1965 contra
1530 1911 1852 1983 frequenter,
1879 1932 2013 1971 cum

286 1979 384 2032 exs
445 1980 736 2035 &tationem
766 1983 1181 2053 graviflimorum
1225 1982 1471 2048 fecimus,
1504 1983 1573 2036 ad
1609 1983 1834 2055 aliquid,
1861 1985 2011 2057 quod

287 2050 349 2104 fit
372 1998 508 2117 ieeve,
535 2063 629 2105 aut
653 2052 803 2107 nullo
820 2062 843 2095 ἔ
867 2052 1031 2106 modo
1055 2053 1414 2120 criminosum,
1439 2054 1827 2109 descendimus,
1878 2057 2006 2123 Sed,

287 2122 414 2193 quia
438 2141 546 2176 non
578 2133 787 2176 tantum
818 2143 911 2196 per
943 2124 1486 2179 communicationem
1521 2125 1631 2181 fieri
1664 2125 1814 2192 solet,
1839 2127 2008 2196 παρά,

195 2200 267 2254 24
289 2193 413 2257 δοξον
436 2193 529 2247 alii
552 2195 976 2262 nominaverunt,
1003 2195 1059 2248 id
1097 2197 1185 2263 est,
1210 2196 1535 2269 inopinatum.
1612 2197 1729 2255 Illis
1766 2217 1873 2250 non
1912 2217 2006 2252 ac-

285 2264 442 2327 cedo,
468 2265 563 2336 qui-
589 2265 800 2319 schema
823 2267 923 2320 effe
948 2267 1266 2329 existimant,
1292 2267 1454 2320 etiam
1487 2268 1522 2320 fi
1549 2267 1679 2339 quid
1706 2269 1862 2327 nobis
1886 2269 2007 2341 ipfis

283 2334 526 2390 dicamus
573 2335 986 2409 inexspessatum
1029 2337 1306 2392 accidifl'e:
1367 2351 1432 2392 ut
1479 2339 1668 2404 Pollio,
1717 2338 2007 2412 Numquam

265 2404 389 2475 fore
421 2407 626 2473 credidi,
645 2408 863 2481 judiceS,
887 2418 962 2472 ut,
989 2429 1067 2462 reo
1108 2409 1314 2474 Scauro,
1339 2429 1419 2463 ne.-
1439 2411 1564 2482 quid
1601 2410 1656 2462 in
1691 2412 1792 2481 ejus
1809 2411 2006 2484 judicio

194 2484 260 2540 25
278 2478 458 2548 gratia
483 2478 694 2544 valeret,
714 2491 963 2551 precarer.
1038 2481 1222 2537 Peneh
1241 2480 1383 2533 idem
1410 2479 1529 2533 fons
1553 2481 1625 2533 est
1648 2480 1814 2548 illius,
1878 2501 2006 2538 uam

243 2608 246 2612 ,
276 2548 627 2629 permiffionem
668 2562 881 2615 vocant,
917 2550 1012 2622 qui
1056 2551 1593 2606 communicationis:
1655 2571 1782 2609 cum
1822 2572 1852 2605 a
1877 2553 2007 2626 iqua

281 2619 401 2689 lpfis
426 2620 703 2692 judicibus
747 2621 1099 2692 relinquimus
1135 2621 1486 2688 aestimandai,
1513 2622 1691 2694 aliqua
1727 2642 2004 2677 nonnum-

321 2708 447 2743 uam
493 2690 802 2747 adversariis.
834 2710 1086 2773 quoque:
1145 2702 1210 2746 ut
1249 2693 1445 2747 Calvus
1488 2694 1728 2760 Vatinio,
1773 2695 2007 2766 Perfrica

264 2708 511 2831 ffioaeztem,
536 2772 583 2814 et
615 2763 695 2815 dic
731 2772 776 2814 te
809 2764 1101 2835 digniorem,
1128 2764 1214 2836 qui
1246 2775 1434 2841 praetor
1452 2763 1631 2836 fleres,
1660 2786 1810 2837 quam
1849 2767 2004 2822 Cato-¹

191 2828 260 2883 26
282 2851 409 2886 nem.
484 2833 624 2888 Quae
660 2851 784 2886 vero
820 2834 943 2887 sunt
966 2834 1234 2906 augendis
1270 2835 1546 2890 affectibus
1581 2837 2004 2891 accommodatae

281 2902 487 2974 figurae,
531 2904 768 2957 constant
805 2905 1036 2959 maxime
1054 2905 1397 2976 simulatione.
1469 2908 1726 2979 Namque
1763 2918 1820 2960 et
1851 2908 2004 2962 irasci

281 2988 399 3038 nos,
427 2984 483 3026 et
511 2975 765 3047 gaudere,
801 2985 856 3029 et
889 2975 1095 3042 timere,
1122 2987 1178 3029 et
1209 2976 1472 3042 admirari,
1499 2987 1569 3030 et·
1594 2978 1793 3043 dolere,
1821 2989 1875 3030 et
1911 2978 1999 3032 in-

281 3043 343 3096 di·
416 3045 511 3110 ari,
554 3059 609 3098 et
650 3056 849 3117 optare,
891 3065 1123 3117 quaeque
1169 3047 1294 3102 sunt
1341 3048 1528 3102 similia
1574 3048 1678 3114 his,
1723 3049 1998 3121 fingimus.
2078 3075 2084 3078 ·

281 3114 344 3169 In
385 3133 416 3168 e
438 3115 559 3169 sunt
583 3116 695 3183 illa,
720 3116 985 3171 Liberatus
1004 3119 1143 3190 sum.
1217 3118 1480 3191 Respiravi
1498 3141 1515 3173 .·
1552 3130 1626 3187 et,
1654 3121 1789 3173 Bene
1811 3120 1958 3173 habet
1977 3141 1997 3173 .-

332 3260 351 3283 θ
382 3257 490 3308 apud
507 3257 613 3297 Jens.
774 3256 793 3282 ‘¹
823 3256 1010 3296 Cloatilla
1027 3257 1152 3297 nescit
1170 3258 1221 3306 G,
1239 3257 1344 3297 Jens.
1371 3256 1609 3310 viciniasom‘
1626 3256 1722 3309 elg'fit
1739 3265 1810 3296 tres
1815 3257 2004 3312 fillabas.

278 3315 298 3336 ⁸
320 3312 490 3362 trepidat
508 3311 575 3350 iid.
682 3307 701 3335 f
719 3309 969 3350 solicitudine
988 3311 1040 3350 G.
1061 3317 1171 3361 κᾶε,
1189 3312 1362 3352 arbitror.
1469 3318 1491 3350 8
1510 3311 1594 3357 ullo
1612 3312 1663 3356 G.
1683 3311 1792 3352 male.
1859 3366 1861 3369 .
1887 3314 1907 3338 ¹¹
1930 3312 1998 3353 Est

277 3376 380 3416 pene
399 3365 507 3404 idem
525 3366 616 3404 fons
630 3364 738 3404 Jens.
843 3363 855 3391 ³
885 3366 1059 3406 existim.
1078 3366 1133 3406 id.

341 3487 414 3529 ¹9·
444 3471 654 3530 Equidem,
671 3473 802 3530 quod]
818 3472 900 3516 Pro
920 3472 1092 3517 Cluent.
1176 3488 1215 3517 c.
1244 3476 1315 3516 18.
1348 3473 1385 3515 Ο
1403 3480 1584 3531 tempora
1603 3471 1735 3519 Catil.
1759 3489 1801 3526 ι,
1824 3470 1868 3519 i.
1907 3474 1997 3523 Mi-

280 3545 321 3573 c.
350 3546 391 3573 x.
452 3531 502 3574 In
523 3532 689 3573 Verrem
714 3545 753 3583 5,
780 3545 819 3584 5,
842 3545 904 3586 pr.
1163 3533 1307 3591 strum
1324 3546 1388 3574 me
1407 3531 1520 3575 Phil.
1544 3548 1586 3585 2,
1609 3534 1697 3579 26..

342 3591 416 3632 26.-
451 3588 669 3632 Liberatus
684 3588 815 3646 fiam]
836 3588 920 3632 Pro
939 3587 1095 3631 Milon.

1181 3661 1221 3697 G
1244 3660 1276 3714 3
