2320 4030
294 295 365 364 56
716 291 805 343 .M.
841 290 1673 343 FABII.QU1NCT1L1AN1

294 432 461 486 etiam
486 428 648 501 prosae
671 438 883 501 putant.
956 428 1035 482 At
1067 440 1173 500 ego
1197 428 1268 482 in'*
1286 428 1498 501 agendo
1529 447 1631 483 nec
1666 427 1899 502 pastorem
1933 431 2039 503 *po-⁴
2081 446 2088 478 ·.
2131 447 2136 478 ;

289 503 405 577 puli
439 503 656 556 auctore
685 501 1208 553 Homero‘dixerim:
1249 518 1349 553 nec
1372 499 1596 553 volucres
1629 500 1844 572 pennisk
1877 503 2028 554 remi·-

290 594 455 653 gqret
492 573 622 626 licet
643 572 918 644 Virgilius*
936 571 1000 622 in.
1024 570 1212 642 apibus
1237 590 1300 623 ac
1333 570 1560 624 Daedalo
1589 571 1944 643 speciosiffitne
1969 573 2032 626 fit

297 650 441 698 ulus,

516 643 836 715 Metaphora
883 641 1027 695 enirn
1073 652 1167 694 aut
1214 652 1493 698 vacantem
1539 659 1799 714 occupare
1845 642 2031 696 locum

297 717 479 781 debet,
507 728 619 780 aut,
649 717 680 767 fi
709 715 764 767 in
789 714 1024 766 alienum
1060 713 1225 779 venit,
1254 713 1376 786 plus
1401 713 1571 777 valere
1597 732 1682 780 e0,
1710 712 1892 786 quod¹
1933 732 2029 766 ex-

296 787 471 861 penit.

546 785 714 840 Quod
727 798 758 820 ¹¹¹
800 785 1074 856 aliquanto
1109 803 1248 856 pene
1277 785 1606 858 jam’magis
1643 785 1711 838 de
1730 785 2035 856 spnecdoche

298 859 498 913 dicam.
570 855 718 910 Nam
765 855 1024 928 trargslatz‘o
1065 855 1437 927 permovendis
1472 856 1671 909 'animis
1716 857 2034 927 plerumque
2058 877 2138 938 1¹9

300 940 358 983 ot
381 927 650 1001 signandis
670 928 850 992 rebuS,
873 945 936 979 ac
958 925 1053 980 sub
1079 927 1264 988 oculos
1282 938 1304 960 ¹¹
1329 926 1672 1000 subjiciendis
1695 939 1903 998 reperta
1926 928 2031 981 est:

299 1001 422 1055 haec
445 1000 642 1055 variare
666 999 966 1052 sermonem
990 999 1174 1069 potest,
1202 1010 1266 1052 ut
1301 1015 1368 1052 ex
1401 1016 1512 1051 uno
1546 997 1723 1070 plures
1758 998 2033 1070 intelliga-

301 1091 443 1136 πως,
471 1081 617 1142 parte
641 1081 848 1132 totum,
865 1069 1039 1141 specie
1061 1087 1256 1144 geum,
1283 1068 1719 1142 praecedentibus,
1740 1067 2037 1141 sequentia,

302 1143 390 1196 vel
435 1152 640 1196 contra.
715 1140 922 1194 Omnia
967 1139 1218 1194 liberiora
1264 1141 1458 1214 poetis,
1499 1159 1665 1213 quam
1713 1141 2035 1195 oratoribus-

300 1215 450 1268 Nam
485 1212 654 1286 prosa,
681 1222 748 1267 ut
768 1230 1038 1265 mucronem
1072 1230 1168 1283 pro
1206 1211 1410 1285 gladic,
1436 1222 1494 1266 et
1525 1219 1702 1265 tedium
1739 1230 1836 1284 pro
1871 1211 2036 1266 domo
2058 1237 2138 1280 20

299 1285 555 1357 recipietz
596 1285 671 1338 ita
694 1301 802 1337 non
831 1283 1037 1357 puppim
1060 1301 1156 1355 pro
1182 1285 1323 1350 navi,
1349 1301 1453 1338 nec
1488 1283 1695 1336 abietem
1729 1301 1826 1355 pro
1858 1284 2036 1338 tabel-

299 1357 371 1412 lis
389 1368 430 1410 ⁰.
506 1359 580 1410 Et
608 1356 804 1420 rursuS,
831 1365 911 1437 ut·
929 1373 1025 1426 pro
1047 1354 1478 1438 gladioferrum,
1503 1353 1581 1408 ita
1617 1373 1725 1407 non
1764 1373 1859 1426 pro
1893 1372 2037 1427 equo

299 1429 502 1501 quadra
537 1429 689 1481 edem.

763 1427 1006 1480 Max1me
1030 1437 1212 1480 autem
1239 1447 1293 1480 1n
1318 1426 1518 1480 orando
1543 1426 1744 1492 valebit
1777 1431 2036 1481 numero-

299 1517 421 1553 rum
449 1498 486 1552 il
510 1518 541 1552 a
563 1500 805 1552 libertas,
878 1499 1025 1550 Nam
1050 1508 1108 1551 et
1131 1498 1318 1552 Livius
1344 1498 1478 1570 saepe
1514 1499 1581 1551 fic
1606 1496 1759 1561 dicit,
1787 1498 2039 1552 Romanus

295 1570 481 1644 praelio
505 1570 666 1624 vietor
685 1592 703 1622 .-
742 1587 869 1623 cum
897 1571 1168 1622 Romanos
1195 1568 1369 1623 viciffe
1392 1569 1669 1641 fignificat.
1730 1570 1805 1623 Et
1828 1579 2036 1637 contra,

304 1642 499 1695 Cicero
523 1641 593 1696 ad
620 1643 882 1695 Brutum:
924 1641 1134 1714 Populo,
1162 1641 1359 1716 inquit,
1385 1641 1717 1713 imposicimuS,
1741 1651 1790 1694 et
1823 1651 2040 1696 oratores

302 1713 404 1784 vg'st
419 1715 620 1786 sumus,
646 1731 771 1767 cum
810 1711 878 1765 de
916 1712 968 1766 se
1008 1723 1218 1766 tantum
1257 1713 1586 1785 loqueretur.
1661 1713 1827 1766 Quod
1862 1731 2038 1786 genus
2059 1738 2127 1782 21

303 1803 413 1837 non
437 1785 703 1839 orationes
737 1784 900 1837 modo
925 1795 1100 1850 ornat,
1124 1785 1213 1839 sed
1249 1783 1415 1838 etiam
1450 1783 1750 1855 quotidiani
1783 1784 2041 1839 sermonis

302 1856 427 1910 usus
468 1856 677 1929 recipit.

753 1855 993 1910 Quidam
1037 1854 1318 1924 συνεκδοχὴν
1358 1868 1572 1920 vocant,
1615 1873 1742 1908 cum
1782 1866 1840 1910 et
1874 1856 1933 1910 id
1980 1855 2041 1910 in

304 1938 566 1982 contextu
610 1927 884 1992 sermoniS,
934 1924 1082 1997 quod
1131 1937 1360 1992 tacetur,
1411 1926 1726 1998 accipimus,
1798 1929 2042 1984 Verbum

305 1999 450 2052 enim
491 2018 559 2054 ex
594 2000 758 2055 verbo
791 1997 1136 2070 intelligitur,
1164 1999 1313 2071 quod
1352 1999 1494 2053 inter
1534 1997 1664 2054 vitia
1698 1998 1910 2062 ἔκλειψις
1947 2017 2047 2056 vo-

303 2081 477 2125 oatur.
1120 2109 1123 2112 >

445 2169 683 2224 Arcadas
698 2179 719 2214 Ρ
744 2170 818 2224 ad
829 2180 1003 2245 portas
1023 2190 1184 2224 ruere.

359 2337 383 2367 k
413 2339 519 2390 spere
549 2340 684 2379 sanare
717 2341 760 2380 V.
786 2339 831 2379 G.
851 2317 1002 2379 ΛΙηιιἸ.ν
1019 2353 1088 2392 per
1106 2353 1149 2380 os
1169 2341 1305 2380 sonare
1325 2341 1388 2381 vel
1418 2340 1491 2381 alis
1518 2340 1712 2391 remigare
1741 2339 1833 2380 Obr.
1862 2351 1932 2392 per
1950 2320 2044 2381 aeta

307 2406 401 2433 nare
421 2406 494 2432 nec
515 2395 663 2444 pennis
677 2394 762 2445 (vel
775 2394 862 2445 alis)
884 2397 1075 2445 remigare
1094 2396 1186 2447 conj.
1206 2397 1302 2434 Bur.

306 2447 486 2498 aliquam
505 2449 728 2500 potentiam
749 2450 876 2499 magis
896 2450 948 2488 G.
967 2449 1113 2503 vitiqse.

309 2510 372 2553 ap.
392 2503 488 2541 Bur.
596 2507 616 2536 P
641 2505 819 2543 Arcades
838 2504 890 2543 G.
908 2504 1016 2544 Jens.

327 2671 333 2678 “
373 2672 444 2712 18.
483 2670 673 2714 volucres
713 2669 857 2727 pennis
905 2668 1132 2727 remigare]

311 2729 422 2772 Cum
443 2729 592 2772 citetur
618 2730 661 2771 in
681 2729 823 2786 apibus
843 2729 1064 2785 Virgilius,
1086 2730 1131 2772 h.

308 2802 348 2829 e.
374 2788 415 2829 in
435 2798 583 2844 quarto
603 2787 874 2844 Georgic<3n3
906 2787 966 2830 ibi
997 2798 1134 2839 autem

309 2844 473 2888 volatus
494 2847 634 2903 apium
656 2848 831 2901 remigio
851 2860 931 2887 non
965 2860 1135 2902 compa-

310 2916 450 2947 retur:
484 2914 651 2960 apparet
680 2905 723 2946 in
751 2904 828 2947 hac
858 2903 1028 2946 leffione
1058 2904 1135 2945 ali-

311 2962 413 3017 quid
445 2962 672 3011 defiderari,
693 2963 806 3018 quod
836 2961 932 3003 satis
962 2960 1137 3010 feliciter

247 3023 250 3028 '
312 3020 542 3063 Burmanni
574 3021 804 3073 conjestura
837 3019 1010 3076 supplet,
1041 3034 1137 3076 quae

311 3078 478 3135 respicit
498 3078 547 3121 ad
568 3093 612 3121 v.
638 3082 707 3133 58,
727 3078 801 3120 ubi
822 3078 1026 3132 adstdera
1045 3076 1138 3120 caeli

310 3151 414 3178 nare
431 3137 644 3187 dicuntur,
666 3136 765 3179 ficut
784 3144 959 3179 tranare
983 3136 1034 3178 de
1062 3150 1135 3178 vo-

314 3193 400 3238 latu
420 3194 633 3250 usurpavit
652 3194 798 3252 saepius
820 3193 956 3237 Silius.
1009 3193 1136 3236 Alte-

312 3267 406 3294 rum
435 3253 486 3296 de
506 3251 680 3295 Daedalo
699 3252 862 3309 ejusque
880 3252 1047 3295 alarum
1065 3265 1132 3294 re-

313 3309 433 3367 mtg‘io
456 3310 510 3353 est
526 3310 634 3353 AEn.
659 3313 702 3361 6,
725 3327 795 3367 ¹9·

378 3384 450 3411 20.
489 3367 662 3410 abietem
685 3375 763 3426 pro
791 3366 972 3422 tabellis]
1008 3369 1135 3429 Qod

315 3424 473 3468 frustum
507 3441 531 3468 a
562 3425 728 3476 Plauto,
760 3427 836 3482 qui
868 3425 988 3469 Persa
1023 3444 1066 3478 2,
1090 3442 1133 3478 2,

318 3487 372 3524 66
404 3483 649 3540 obfignatam
676 3484 850 3529 abietem
874 3498 950 3542 pro
968 3484 1137 3545 epistola

312 3543 467 3599 posuit.

1413 2394 1422 2420 ¹
1455 2409 1582 2446 quem
1602 2396 1653 2435 G.
1672 2396 1779 2434 Jens.
1865 2403 1896 2424 ¹¹²
1927 2395 2043 2435 Quin

1213 2456 1232 2475 ¹¹
1265 2449 1394 2491 oculis
1412 2451 1519 2490 Jens.
1602 2454 1624 2476 ⁰
1653 2450 1800 2490 tabulis
1818 2449 1913 2490 MS.
1937 2448 2044 2491 Colb.

1275 2687 1348 2714 20.
1382 2671 1520 2715 Cicero
1536 2672 1610 2715 ‘ad
1633 2663 1831 2724 Brutum]
1871 2670 1922 2713 In
1944 2669 2042 2728 epi·

1216 2729 1313 2772 stola
1332 2732 1560 2788 deperdita.
1624 2731 1836 2774 Caeterum
1854 2729 2041 2771 vicinum

1217 2788 1316 2831 huic
1354 2790 1467 2833 dieto
1506 2789 1576 2840 est,
1616 2789 1730 2846 quod
1767 2787 1819 2829 ad
1865 2786 2042 2830 eundem

1218 2846 1398 2891 Brutum
1418 2848 1469 2890 de
1488 2848 1607 2890 claris
1631 2848 1867 2889 oratoribus
1897 2843 2043 2887 scribit

1217 2919 1256 2946 c.
1284 2921 1336 2958 50
1367 2922 1432 2964 pr.
1476 2907 1528 2948 Id
1552 2905 1676 2964 ipsum
1695 2905 1747 2962 est
1762 2902 1916 2962 flammi
1942 2916 2041 2946 ora-

1216 2964 1331 3062 ZJrif,
1347 2967 1554 3023 summum
1577 2971 1780 3006 oratorem
1803 2960 1946 3019 populo
1964 2959 2042 3007 vi-

1245 3035 1324 3064 ert.

1278 3096 1351 3122 21.
1382 3079 1565 3133 ἔκλειψις]
1602 3077 1810 3122 Vitiosum
1840 3079 1919 3122 hoc
1947 3077 2040 3131 effe,

1217 3145 1258 3178 et
1278 3135 1437 3184 ἔλλειψις
1456 3136 1674 3193 legendum
1699 3137 1957 3195 copiofiflime
1976 3135 2043 3180 os.

1218 3196 1349 3237 rendit
1371 3196 1430 3236 H.
1455 3195 1686 3252 Stephanus
1702 3195 1754 3237 de
1778 3195 1930 3238 Abusu
1953 3195 2040 3239 Gr.

1215 3254 1273 3295 L.
1305 3268 1351 3311 p.
1390 3256 1470 3294 118
1522 3251 1735 3304 editionis,
1775 3268 1901 3310 quam
1942 3268 2042 3297 cum

1217 3311 1488 3365 Kromayeri,
1522 3313 1646 3354 amici
1681 3324 1812 3369 nuper
1845 3313 1944 3361 mei,
1979 3311 2083 3356 sui·

1216 3369 1503 3425 Praeceptoris,
1516 3369 1866 3413 adnotatiunculis
1877 3369 2006 3420 dedit,
2018 3384 2044 3412 a

1218 3428 1337 3480 cujus
1355 3427 1522 3483 ingenio
1539 3438 1580 3469 et
1596 3428 1783 3470 doeh-ina
1799 3428 1953 3480 majora
1970 3430 2047 3470 ex-'

1219 3485 1603 3543 speclamus‚·Frid‹
1625 3485 1750 3528 Guil.
1775 3485 1996 3544 Roloffius.

1281 3559 1353 3588 21.
1398 3543 1588 3587 Arcadas
1625 3544 1685 3587 ad
1710 3543 1876 3603 portas]
1929 3543 2041 3588 AEn.
