2320 4030
603 330 892 392 1NsT1T.
929 337 1267 390 ORATOR.
1303 339 1442 388 Lm.
1477 340 1566 389 1x.
1607 356 1651 391 1.
1925 353 1992 408 75

259 466 662 551 qualiscumque
667 468 847 550 forma
870 476 1165 545 sententiae,
1193 467 1322 530 ficut
1347 474 1404 528 in
1427 477 1755 548 corporibuS,
1784 478 1839 531 in
1865 481 1990 552 qui-

259 550 383 615 buS,
406 568 624 622 quoquo
648 550 811 602 modo
836 550 935 602 fint
968 549 1277 620 composita,
1306 546 1496 618 utique
1531 549 1746 603 habitus
1785 552 1855 602 est
1886 552 1986 604 ali-

173 630 235 670 11
259 621 414 691 quis:
474 621 659 687 altero,
702 620 849 694 quod
922 620 1093 691 roprie
1115 619 1318 692 schema
1357 617 1574 686 dicitur,
1618 619 1673 672 in
1714 621 1862 674 sensu
1903 623 1988 684 vel

258 694 498 745 sermone
537 691 714 762 aliqua
749 710 781 744 a
815 639 1024 763 vufgari
1061 701 1117 743 et
1150 688 1371 761 fimplici
1410 688 1582 761 specie
1623 709 1748 744 cum
1784 694 1988 747 ratione

258 764 524 816 mutatio:
566 763 696 815 ficut
725 780 824 815 nos
844 764 1092 834 sedemus,
1126 760 1468 825 incumbimus)
1502 762 1799 834 rtfioieimus.
1875 766 1986 817 Ita-

259 853 386 904 que,
433 852 558 887 cum
599 833 653 885 in
696 833 904 886 eosdem
945 834 1109 898 casuS,
1150 843 1245 885 aut
1278 843 1540 902 tempora,
1580 844 1674 886 aut
1711 853 1983 901 numerosi,

258 913 351 957 aut
372 905 533 957 etiam
561 904 721 976 pedes
747 904 1009 957 continue·
1026 904 1168 974 quiS‚
1192 914 1286 956 aut
1307 915 1453 955 certe
1479 904 1705 957 nimium
1734 903 1986 976 frequen-

258 986 340 1028 ter
362 975 605 1041 incurrit,
632 976 917 1047 praecipere
947 975 1181 1029 solemus⁴
1211 975 1496 1042 variandas
1516 975 1734 1047 figuras
1767 976 1866 1028 effe
1906 977 1988 1029 vi-

171 1055 238 1097 12
259 1045 435 1099 tandae
478 1047 835 1100 fimilitudinis
877 1047 1070 1120 gratia.
1148 1046 1208 1098 In
1251 1063 1358 1117 quo
1396 1045 1473 1098 ita
1509 1047 1805 1118 loquimur,
1841 1058 1984 1101 tam-

258 1136 420 1190 quam
457 1119 630 1170 on’mis
662 1119 833 1172 sermo
869 1118 1066 1171 habeat
1103 1117 1345 1189 figuram.
1420 1117 1670 1190 Itemque
1711 1120 1879 1171 eadem
1897 1118 1985 1191 fi-

250 1208 394 1260 gum
417 1189 645 1245 dicimus
664 1198 687 1222 ¹
723 1190 971 1260 curfitan’,
997 1207 1105 1272 qua
1126 1187 1448 1254 leffltare,²id
1475 1190 1566 1256 est,
1595 1189 1779 1245 eadem
1817 1193 1982 1244 ratio-

191 1292 195 1295 —
257 1267 327 1313 ne
349 1260 622 1319 declinari.
698 1262 880 1318 Quare
903 1261 999 1317 illo
1023 1259 1300 1314 intellectu
1322 1259 1499 1331 priore
1523 1271 1578 1312 et
1605 1262 1878 1314 communi
1904 1262 1987 1315 ni-

254 1330 336 1384 hil
361 1350 469 1390 non
501 1331 792 1404 figuratum
827 1333 917 1386 est.
991 1332 1120 1386 Quo
1153 1331 1187 1384 fi
1224 1330 1465 1394 contenti
1501 1331 1702 1396 sumus,
1731 1350 1839 1384 non
1875 1333 1982 1386 im-

256 1403 450 1456 merito
475 1402 857 1475 Apollodorus,
878 1404 917 1456 ‘fi
944 1402 1174 1456 tradenti
1206 1402 1428 1456 Caecilio
1453 1402 1743 1470 credimus,
1771 1404 1982 1457 incom-

169 1477 230 1537 13
293 1474 626 1534 rehenfibilia
660 1475 820 1548 partis
857 1475 1018 1548 hujus
1043 1474 1656 1547 praeceptaexistimavit
1676 1475 1744 1527 Y(
1795 1475 1921 1542 Sed,
1949 1476 1986 1528 fi

254 1493 472 1605 Babitus
509 1547 748 1616 quidam,
787 1556 841 1600 et
883 1546 1024 1619 quafi
1067 1545 1247 1619 gestus
1290 1545 1358 1598 fic
1401 1545 1702 1617 appellandi
1745 1546 1885 1612 sunt,
1928 1546 1987 1601 id

253 1615 475 1670 demum
518 1618 624 1671 hoc
661 1618 782 1671 loco
820 1618 1030 1690 accipiz
1052 1618 1258 1692 schema
1298 1616 1587 1696 oportebit,
1629 1617 1775 1688 quod
1813 1619 1914 1670 fit·
1950 1637 1987 1672 a

254 1687 475 1760 fimplici
500 1701 662 1762 atque
700 1689 753 1742 in
781 1701 995 1762 promtu
1020 1689 1187 1761 pofito
1213 1688 1429 1741 dicendi
1454 1688 1619 1742 modo
1654 1688 1864 1760 poetice
1899 1691 1987 1745 vel

253 1759 483 1818 oratorie
508 1764 776 1818 mutatum
792 1767 832 1814 ¹².
910 1761 998 1814 Sic
1023 1760 1170 1818 enim
1195 1778 1380 1813 verum
1406 1759 1523 1825 erit,
1554 1759 1715 1820 aliam
1741 1759 1839 1814 effe
1864 1779 1984 1815 ora-

252 1829 457 1899 tionem
482 1830 846 1900 οῑσ-χημάτιςογ,
873 1831 930 1885 id
954 1834 1044 1897 est,
1071 1841 1339 1890 carentem
1377 1831 1583 1904 figuriS,
1611 1831 1759 1904 quod
1787 1832 1983 1887 vitium

253 1919 360 1955 non
397 1902 535 1956 inter
566 1903 789 1962 minima
807 1905 919 1956 est=
960 1904 1117 1957 aliam
1142 1903 1581 1971 ἐσχηματισμένην,
1608 1902 1666 1955 id
1703 1904 1792 1968 est,
1820 1903 1979 1975 figa-

165 1975 439 2033 14ratam.
512 1975 718 2027 Verum
758 1975 816 2028 id
859 1975 1033 2048 ipsum
1081 1975 1341 2054 anguste‘
1385 1973 1608 2027 Zoilu.⁶3‘³¹
1650 1974 1980 2053 terminavit²

252 2046 347 2116 qui
374 2045 432 2098 id
467 2045 633 2099 solum
658 2046 942 2119 'putaverit
966 2047 1192 2124 schema,
1222 2063 1333 2118 quo
1364 2044 1510 2098 aliud
1548 2045 1819 2098 fimulatur
1850 2047 1980 2114 dici,

251 2134 411 2186 quam
450 2116 682 2170 dicitur:
723 2118 870 2190 quod
905 2117 1026 2171 sane
1065 2118 1231 2191 vulgo
1269 2134 1485 2188 quoque
1524 2117 1590 2171 fic
1625 2116 1795 2188 accipi
1833 2117 1978 2172 scioz'

250 2188 396 2241 unde
435 2199 490 2242 et
509 2188 768 2263 figuratae
807 2189 1143 2262 controverstae
1181 2188 1447 2262 quaedam,
1474 2188 1541 2242 de
1573 2189 1770 2260 quibus
1797 2189 1980 2260 paullo

250 2260 362 2329 post
392 2259 588 2325 dicam,
615 2271 891 2320 vocantur.
966 2263 1116 2334 Ergo
1147 2261 1320 2335 figura
1343 2260 1403 2312 fit
1438 2270 1548 2312 arte
1581 2260 1755 2332 aliqua
1790 2271 1981 2315 novata

163 2330 411 2402 15Jbrma
435 2331 648 2384 dicendi.
726 2333 912 2386 Genus
945 2331 1063 2410 ejus
1100 2351 1270 2385 unum
1306 2330 1525 2404 quidam
1558 2342 1897 2403 putaverunt,
1923 2333 1980 2386 in

251 2401 359 2465 hoc
383 2403 494 2474 ipso
520 2403 742 2459 diversas
767 2404 1044 2476 opiniones
1078 2403 1261 2457 secuti.
1335 2403 1478 2456 Nam
1517 2402 1595 2468 hi,
1623 2402 1749 2474 quia
1786 2405 1978 2457 verbo-

250 2492 371 2526 rum
397 2474 624 2528 mutatio
636 2475 822 2541 ‘sensui-3
846 2493 1062 2547 quoque
1081 2483 1328 2540 verteret,
1353 2492 1541 2527 omnes
1565 2475 1759 2546 figuras
1782 2474 1838 2527 in
1863 2494 1981 2546 fver-

249 2544 334 2598 bis
370 2545 470 2599 efl'e
512 2546 790 2599 dixerunt:
838 2546 938 2613 illi,
965 2547 1092 2619 quia
1127 2547 1288 2599 verba
1318 2547 1477 2599 rebus
1505 2546 1977 2600 accommodaren-

249 2626 391 2683 tur‘,
418 2635 604 2670 omnes
628 2617 683 2669 in
707 2618 956 2672 senfibuS.
1032 2619 1280 2672 Quorum
1298 2616 1316 2648 f
1341 2629 1459 2671 utra
1497 2635 1566 2674 ue
1590 2617 1864 2671 manifesta
1885 2637 1978 2671 ca-

163 2682 230 2736 16
254 2687 456 2742 villatio
497 2690 586 2742 est.
659 2690 823 2755 Nam,
863 2698 966 2743 ut⁸
1006 2690 1190 2745 eadem
1232 2688 1381 2744 dici¹²
1420 2689 1476 2742 so
1499 2698 1592 2741 ent
1625 2688 1780 2744 aliter
1812 2701 1975 2762 atque

251 2758 423 2826 aliter,
451 2771 739 2832 manetque
774 2761 947 2814 sensus
966 2760 1274 2814 'elocutione
1298 2769 1534 2813 mutata:
1574 2759 1676 2812 itai
1714 2771 1769 2814 et
1806 2761 1977 2834 figura

249 2827 522 2890 sententiae
547 2832 724 2906 plures
749 2832 946 2890 habere
976 2834 1254 2889 verborum
1293 2831 1492 2910 figuras
1522 2831 1701 2904 potest.
1777 2832 1877 2888 Illa
1902 2833 1976 2894 est

304 3036 329 3062 ¹
356 3032 435 3077 dici
456 3033 507 3073 G.
536 3033 644 3072 Forte
663 3034 834 3077 dicimus
853 3033 946 3075 dici.
1098 3039 1118 3067 7
1147 3033 1381 3073 existimarit
1401 3034 1452 3072 G.
1469 3032 1576 3073 Jens.
1715 3039 1734 3061 ¹
1765 3036 1846 3081 dici
1866 3036 1974 3079 Jens.

242 3089 270 3111 ¹
301 3085 329 3123 fi
350 3087 401 3126 G.
566 3088 583 3115 b
614 3089 819 3133 imitatum
837 3090 942 3128 Jens.
1072 3093 1089 3113 θ
1121 3096 1258 3135 tamen
1279 3088 1345 3139 irgs.
1364 3089 1470 3127 Jens.
1608 3087 1639 3112 ‘¹‘
1656 3086 1723 3129 Sic
1741 3089 1792 3129 G.
1810 3090 1918 3134 sens.
1938 3099 1973 3128 et

241 3139 379 3190 probat
397 3156 442 3180 ex
459 3140 735 3184 Phaebammoue
758 3142 961 3193 Capperon.
981 3141 1127 3181 Caexius
1147 3142 1236 3195 conj.
1259 3142 1383 3195 Regii.
1402 3141 1675 3183 Caecilius'rcl.
1763 3152 1781 3172 e
1810 3137 1974 3185 accom-

249 3194 459 3288 gnodargnt
477 3195 583 3239 Jens.
693 3193 710 3221 f
735 3196 802 3237 Sic
821 3197 871 3237 G.
890 3197 996 3236 Jens.
1027 3197 1211 3239 Quarum
1228 3195 1284 3238 al.
1392 3201 1411 3226 ⁸
1443 3205 1483 3235 et
1502 3196 1553 3236 G.
1570 3197 1677 3240 Jens.
1772 3195 1794 3228 ἢ
1822 3197 1900 3244 loej
1919 3199 1971 3241 G.

250 3251 259 3271 ¹
291 3261 360 3287 om.
421 3275 433 3288 .
878 3256 879 3266 ³
1271 3270 1274 3274 ·

311 3411 382 3449 14.
416 3397 621 3455 figurata
650 3397 955 3453 controvevfiae]
1002 3399 1070 3442 De
1149 3398 1263 3450 bine,
1284 3397 1438 3455 Figura
1452 3396 1668 3457 finientiae
1679 3405 1772 3455 pote
1819 3398 1970 3443 habere

246 3455 405 3511 quibus
443 3471 484 3510 5,
523 3472 595 3507 10,
628 3472 702 3510 70.
741 3467 782 3500 et
814 3452 915 3500 mox‘
944 3474 988 3514 9,
1025 3473 1068 3508 2,
1144 3456 1286 3557 {lares
1304 3457 1473 3513 figuras
1503 3456 1750 3499 verborum.
1815 3459 1856 3501 Si
1891 3458 1966 3510 ita,

249 3515 323 3566 65.
1182 3530 1230 3556 oc
1273 3514 1424 3566 voluit,
1472 3529 1516 3556 v·
1558 3530 1604 3572 g.
1650 3515 1693 3557 in
1736 3514 1968 3572 interroga-

312 3572 382 3613 16.
401 3570 551 3628 figura
566 3571 807 3632 sententia]
842 3574 959 3617 Itane
988 3573 1070 3617 Fa·
1151 3571 1272 3625 tione,
1292 3587 1388 3630 quae
1416 3572 1621 3617 sententiae
1651 3573 1788 3633 figura
1806 3575 1875 3626 est,
1897 3590 1970 3632 po-
