2320 4030
319 375 381 422 24
727 356 803 408 Μ.
838 357 1037 408 FA1311
1074 357 1639 408 QUINCTILIANI

312 495 466 547 titudo
486 515 500 546 .-
534 502 657 565 'quae
678 491 810 546 dura
832 493 1048 566 quidem
1070 492 1228 546 sentit
1250 494 1367 557 effe,
1393 498 1750 546 verumtamen
1782 491 1875 546 usu
1911 510 2012 563 pu·

313 577 392 617 tat
422 563 558 635 poffe
583 563 798 616 molliri.
870 565 992 617 Nec
1027 583 1059 617 a
1090 563 1263 616 verbis
1303 563 1484 628 mod0,
1517 563 1615 615 sed
1637 582 1668 615 a
1705 563 2013 616 nominibus

312 653 547 706 quoque,
578 633 807 687 derivata
827 633 946 690 sunt
978 634 1241 705 quaedam,
1267 645 1329 686 ut
1352 652 1384 685 a
1409 634 1666 686 Cicerone
1691 632 1964 698 sullaturit
1977 632 2010 699 ἰ,

311 716 366 757 et
390 706 481 761 ab¹
506 705 698 766 Afinio-
713 702 1100 757 Fimbriamritm
1123 715 1178 756 et
1203 703 1534 774 Figulaturit.
1579 703 1756 760 Multa
1777 722 1842 756 ex
1859 705 2008 759 Grae-
2031 719 2099 775 33

313 795 379 829 co
421 775 643 828 formata
678 789 832 840 nova,
859 792 920 828 ac
997 773 1190 827 lui-ima
1217 791 1248 826 a
1273 774 1509 845 Sergio-1·
1548 772 1745 838 Flavio,
1786 793 2014 844 quorum

312 846 444 900 dura
475 844 756 917 quaedatn'n
792 793 1078 897 admodum
1116 844 1380 907 videntur,
1406 850 1502 897 ut0
1545 864 1645 908 em,
1688 851 1743 896 et
1780 845 1974 914 eſje'ntz'a
1995 865 2012 896 .-

314 937 437 989 quae
461 931 554 970 cur
579 925 848 984 tantopere
885 914 1234 986 aspernemur,
1256 914 1389 966 nihil
1433 913 1606 979 viden,
1625 915 1717 966 nifi
1742 914 1887 986 quo'd
1910 913 2014 966 ini-⁴

313 985 631 1059 quijudices
649 984 890 1037 adversus
907 995 928 1028 Ρ
967 1003 1064 1037 nos
1100 985 1296 1050 sumuS,
1323 984 1550 1057 ideoque
1581 995 1887 1055 paupertate
1911 985 2015 1037 ser-

312 1058 487 1110 monis
510 1055 827 1108 laboramuS.
901 1053 1163 1108 Quaedam
1192 1065 1367 1107 tamen
1397 1054 1699 1125 perdurant.
1771 1055 1912 1107 Nam
1938 1065 2012 1120 et,
2033 1067 2107 1126 34

314 1147 436 1199 quae
471 1138 648 1179 vetera
682 1143 823 1177 nunc
851 1124 987 1190 sunt,
1014 1124 1230 1178 fuerunt
1265 1125 1395 1177 olim
1421 1143 1575 1191 nova,
1601 1135 1657 1178 et
1690 1124 1935 1196 quaedam
1959 1125 2016 1178 in

312 1197 406 1250 usu
430 1213 682 1268 perquam
718 1196 950 1248 recentia
964 1208 1006 1260 q,
1042 1207 1104 1248 ut
1138 1195 1355 1248 Meffala
1389 1195 1589 1266 primus
1613 1206 1819 1260 reatum,
1844 1215 2016 1249 mune-

311 1268 501 1320 rarium
540 1266 812 1339 Augustus
850 1266 1050 1336 primus
1068 1277 1108 1330 Υ,
1149 1265 1411 1319 dixerunt.
1486 1265 1761 1318 Pir-uticam
1783 1283 2017 1337 quoque,

311 1348 374 1390 ut
397 1338 623 1408 musicam
647 1346 731 1389 et‘
751 1336 1028 1406 fabricam,
1054 1336 1161 1389 dici
1197 1337 1370 1389 adhuc
1404 1335 1718 1390 dubitabant
1742 1335 1849 1389 mei
1882 1355 2016 1406 prae-

310 1418 569 1480 ceptoreS.
609 1408 867 1472 Favorem,
894 1418 950 1460 et
971 1408 1235 1472 urbanum,
1263 1407 1452 1460 Cicero
1478 1424 1612 1459 nova
1637 1406 1822 1460 credit.
1870 1408 2017 1460 Nam

311 1489 368 1531 et
391 1480 446 1531 in
469 1477 683 1548 epistola
703 1477 768 1530 ad
788 1479 1034 1542 Brutum,
1053 1477 1204 1542 Eum,
1229 1477 1422 1548 inquit,
1447 1498 1675 1544 amorem,
1701 1487 1747 1529 et
1771 1497 1877 1530 eum
1908 1483 2016 1542 (utt

313 1549 397 1602 hoc
419 1549 565 1602 verbo
590 1554 728 1614 utar)
754 1548 992 1620 favorem
1017 1548 1068 1600 in
1093 1548 1338 1619 confilium
1373 1548 1642 1600 advocabo.
1716 1550 1786 1600 Et
1810 1547 2014 1619 ad'Ap-
2034 1568 2066 1622 3
2069 1565 2104 1622 5

311 1620 458 1691 pium
485 1618 788 1685 Pulchrum,
817 1620 886 1671 Te
928 1619 1179 1685 hominem,
1214 1639 1309 1671 non
1333 1619 1498 1690 solum
1515 1619 1810 1692 sapientem,
1840 1639 2018 1672 ‘verum

364 1799 375 1827 ἲ
408 1799 605 1853 Syllatum
627 1800 677 1840 G.
697 1799 800 1840 Jens.
818 1809 852 1839 et
870 1800 920 1841 al.
942 1808 1003 1853 ap.
1018 1802 1113 1842 Bur.
1133 1802 1370 1854 syllabatum
1388 1801 1508 1841 Andr.
1528 1801 1810 1842 subuculatum
1827 1802 2020 1856 Astale.

314 1864 350 1893 et
370 1855 476 1906 plur.
505 1857 566 1894 lta
584 1855 650 1907 ins:
674 1855 724 1893 G.
745 1863 780 1892 et
796 1855 849 1893 al.
983 1855 994 1881 ¹
1025 1871 1094 1895 om.
1112 1857 1218 1895 Jens.
1381 1861 1411 1881 m
1446 1855 1709 1895 Fimbriamm
1726 1864 1766 1895 et
1788 1855 2022 1897 Fibulatum-

313 1910 364 1947 G.
383 1908 487 1948 Jens.
515 1918 551 1946 et
568 1908 693 1960 optimi
713 1909 846 1961 quique
864 1918 925 1960 ap.
945 1911 1076 1948 Burm.
1209 1915 1240 1959 †
1270 1911 1415 1960 Sergio,
1451 1909 1666 1960 Flavioque
1689 1909 1796 1955 Jens.
1821 1917 1856 1947 et
1882 1909 1935 1949 al.
1957 1918 2020 1961 ap.

314 1963 444 2000 Burm.
634 1969 655 1991 ¹¹
682 1974 805 2012 quem
825 1962 893 2001 iid.
1079 1968 1097 1986 ⁰
1127 1970 1294 2014 utraque
1327 1976 1397 2002 ens
1427 1970 1468 2001 et
1497 1963 1605 2001 entia
1633 1963 1739 2002 Jens.
1763 1971 1936 2013 utquens
1965 1965 2018 2004 G.

311 2021 331 2049 P
358 2016 464 2066 apud
484 2014 536 2054 G.
689 2022 706 2046 ¹¹
741 2017 887 2054 recenti
908 2016 958 2054 G.
979 2029 1046 2054 non
1065 2017 1172 2055 male.
1322 2022 1335 2041 ¹
1368 2016 1497 2067 primo
1515 2017 1658 2054 dixerit
1675 2017 1727 2055 G:
1757 2015 1900 2054 Deinde
1918 2017 2021 2056 Rea-

313 2077 403 2107 tum
421 2081 543 2109 nemo
560 2076 654 2107 ante
673 2068 896 2119 Meffalam,
915 2072 1188 2108 numerarium
1206 2082 1328 2109 nemo
1346 2077 1437 2109 ante
1456 2070 1684 2120 Augustum
1700 2071 1855 2108 dixerat
1879 2070 1946 2124 ins:
1966 2070 2019 2111 Ga

310 2123 415 2162 Jens.
577 2129 590 2147 ⁵
622 2135 690 2160 om.
709 2123 760 2161 G.
923 2125 937 2147 ²
973 2124 1014 2162 in
1032 2124 1099 2177 inJI
1117 2124 1221 2162 Jens.

374 2295 444 2336 32.
474 2281 583 2326 dura
616 2295 686 2341 qu.
716 2278 844 2340 fi’ntit
879 2279 969 2338 ff]
1020 2280 1120 2326 vid.
1156 2318 1159 2322 .

311 2342 429 2398 supra
448 2342 498 2382 ad
523 2357 565 2390 1,
584 2357 624 2395 5,
646 2355 717 2393 72.

373 2413 443 2450 32.
476 2397 714 2450 Sullaturit]
757 2395 938 2439 Difficile
970 2397 1024 2440 est
1055 2397 1122 2440 hic

310 2471 452 2498 verum
472 2457 622 2498 videre.
671 2453 886 2497 Sullaturit
910 2454 981 2497 effe
1001 2456 1123 2498 Cice-

311 2516 440 2563 renis,
457 2513 590 2555 dubio
617 2522 750 2564 caret3
783 2512 906 2554 exstat
935 2512 1042 2554 enim
1072 2513 1126 2555 ad

312 2573 413 2614 Att.
456 2587 498 2626 9,
540 2586 609 2620 10,
645 2569 728 2625 post
767 2569 875 2611 med.
913 2579 953 2611 et
985 2569 1126 2613 laudat

310 2630 438 2671 noster
469 2628 614 2670 deinde
647 2631 688 2674 8,
726 2630 768 2675 6,
805 2642 870 2678 32.
924 2627 999 2670 Sed
1029 2627 1124 2671 libri

342 2701 435 2729 uam
466 2686 636 2734 varient,
670 2685 959 2726 indicavimus.
1017 2684 1124 2726 Fim-

310 2702 524 2792 Zriaturiss
576 2741 836 2797 Figulaturit,
884 2742 1125 2794 conjeeturoe

312 2802 383 2844 soli
405 2802 601 2843 debeturz
636 2814 681 2840 ac
711 2799 760 2839 de
782 2798 829 2839 C.
853 2799 1036 2842 Fimbriae
1055 2798 1123 2842 fu-

312 2874 399 2900 rore
432 2873 493 2900 res
527 2867 648 2899 nota:
691 2855 951 2911 Fzssqulaturit,
985 2856 1123 2899 analo-

310 2917 422 2972 giam
451 2928 530 2957 non
562 2914 704 2962 servat,
726 2928 750 2954 a
776 2912 913 2968 Figulo
933 2913 959 2955 fi
978 2914 1123 2965 ducas,

312 2972 438 3028 (forte
451 2971 630 3014 Clusinio
646 2971 731 3021 illo,
747 2972 797 3012 de
812 2986 895 3026 quo
912 2985 953 3022 7,
968 2987 1010 3020 2,
1026 2973 1121 3026 26,)

309 3031 492 3074 fibulam
522 3043 745 3086 cognomen
775 3029 1027 3078 Romanum,
1047 3044 1123 3070 un-

307 3089 359 3131 de
390 3086 636 3131 Pibazlaturit
654 3086 760 3127 trahi
790 3085 921 3142 possit,
949 3099 1029 3127 non
1058 3086 1121 3128 in:

307 3147 434 3188 veniri
455 3154 572 3202 puto.
610 3145 759 3199 Itaque
788 3144 1040 3184 vehementer
1061 3144 1122 3185 in-

309 3204 417 3246 clino
446 3205 486 3246 in
504 3201 734 3245 Burmanni
754 3200 1033 3257 suspicionem,
1053 3215 1122 3243 ve-

310 3265 396 3303 rius
416 3260 520 3302 forte
542 3259 628 3308 effe,
655 3268 698 3301 ut
731 3258 889 3314 legatur
904 3257 1123 3315 subucula·

303 3327 407 3367 tum,
426 3316 701 3374 fimbriatum,
717 3314 954 3370 fibulatum.

369 3390 438 3428 33.
470 3373 610 3429 Sergio
638 3372 805 3425 Flavio]
838 3373 971 3416 Flavii
1003 3371 1119 3428 effi‘n-

305 3433 367 3475 tia
397 3443 436 3473 et
462 3430 574 3473 entia
602 3440 971 3472 commemorantur
994 3432 1120 3472 etiam

306 3491 425 3544 supra
448 3505 488 3538 2,
518 3502 587 3539 14,
612 3502 655 3529 ι.
708 3487 899 3530 Diversos
936 3487 1119 3530 homines

304 3547 375 3589 effe
416 3547 602 3603 Sergium
631 3554 670 3587 et
704 3544 909 3596 Flavium,
931 3545 1119 3602 resteque

1204 2284 1350 2326 habere
1379 2284 1480 2326 adeo
1507 2283 1720 2326 lefflonem
1749 2282 1905 2340 Sergio,
1922 2283 2020 2326 Fla.

1204 2341 1369 2398 viaque,
1390 2342 1483 2383 inde
1509 2341 1557 2383 fit
1577 2341 1802 2397 probabile,
1822 2342 1935 2397 quod
1953 2341 2019 2384 di-

1203 2402 1406 2441 versarum
1419 2399 1605 2456 gentium
1618 2399 1783 2440 nomina
1803 2398 1910 2448 suut,
1923 2411 2020 2456 qua

1206 2456 1246 2498 in
1268 2471 1350 2498 uno
1370 2457 1534 2499 homine
1556 2457 1691 2512 jungi,
1712 2455 1835 2498 serius
1858 2457 2020 2499 institu-

1206 2523 1295 2555 tum
1316 2515 1385 2556 est.
1434 2514 1600 2556 Laudat
1623 2515 1664 2555 in
1684 2514 1786 2555 hanc
1807 2528 1890 2556 rem
1910 2513 2020 2561 Bur·

1205 2586 1380 2614 mannus
1395 2572 1654 2614 Sin-nondum
1672 2571 1722 2612 ad
1739 2571 1877 2613 Sidon.
1890 2569 1992 2615 lib-‚1
2005 2572 2036 2615 .’

1206 2630 1316 2685 prin,
1339 2631 1373 2672 F
1375 2631 1526 2671 abrett.
1559 2628 1684 2670 Inscr.
1710 2644 1748 2671 c.
1774 2643 1814 2681 3,
1835 2643 1877 2685 p.
1903 2643 2005 2682 203.

1269 2701 1337 2738 34.
1369 2695 1415 2729 ut
1451 2686 1621 2742 Mcffala
1648 2686 1829 2742 primus]
1881 2687 2020 2746 Qam

1206 2743 1447 2800 superfluam
1484 2746 1719 2786 sententiam
1757 2742 1896 2800 paullo
1934 2744 2021 2800 post

1206 2801 1378 2844 inserant
1411 2801 1507 2844 libri
1537 2810 1707 2852 veteres,
1738 2802 1812 2843 sub
1843 2801 1960 2843 litera
1995 2814 2022 2844 r

1206 2859 1432 2902 indicatum
1466 2858 1536 2901 est.
1598 2861 1711 2916 Qid
1731 2858 1757 2900 sl
1778 2860 1847 2901 vita
1864 2858 2021 2902 dederit

1205 2917 1389 2959 Fabius?
1404 2917 1593 2973 quaedam
1605 2916 1648 2958 in
1662 2919 1732 2975 usu
1740 2923 1939 2973 perquam
1952 2931 2020 2959 re-

1204 2974 1320 3014 centi.
1354 2974 1528 3016 Reatum
1547 2988 1657 3015 nemo
1675 2982 1769 3016 ante
1789 2973 2019 3031 Mtffalatm

1203 3030 1482 3073 munerarium
1519 3045 1631 3073 nemo
1667 3040 1765 3074 ante
1801 3031 2019 3088 Augustum

1203 3088 1386 3131 dixerat.
1428 3089 1511 3130 His
1546 3090 1691 3131 deinde
1723 3087 1888 3146 glossam
1923 3088 2019 3131 sub-

1199 3145 1335 3198 junxit
1367 3145 1536 3202 aliquis,
1575 3155 1620 3188 ut
1657 3145 1828 3203 Meffala
1860 3145 2021 3202 primus

1203 3213 1380 3252 rentum,
1406 3203 1683 3247 munerarium
1712 3203 1906 3261 Augustus
1925 3203 2021 3260 pri-

1203 3273 1264 3301 mo
1283 3259 1452 3303 dixerit.
1499 3262 1603 3303 Haec
1638 3277 1712 3318 pro
1731 3262 1851 3304 Fabii
1881 3262 2018 3304 verbis

1203 3329 1365 3414 εἰπερτει
1397 3333 1422 3359 a
1451 3318 1622 3361 Criticis
1657 3320 1831 3377 priorem
1862 3317 2017 3362 sensum

1202 3389 1223 3414 e
1242 3375 1355 3418 isere:

1264 3448 1283 3483 3
1293 3448 1333 3485 5.
1367 3433 1425 3475 ad
1444 3433 1612 3491 Appium
1627 3433 1864 3488 Pulchrum]
1896 3433 2013 3476 Fam.

1206 3503 1246 3541 32
1269 3494 1312 3533 3-
