2320 4030
632 263 907 313 INSTIT.
940 263 1446 314 ORATOR.·1.113.
1480 255 1546 315 X.
1581 277 1628 315 -ι,

1896 268 2002 331 ‘167

252 409 392 451 rtem
425 392 808 471 consequemur
826 399 844 432 f
880 401 1062 474 optima
1097 400 1301 472 legendo
1340 409 1490 471 atque
1530 399 1790 454 audiendo.
1863 401 1996 455 Non

282 469 450 521 solum
471 478 492 510 Β
525 471 664 525 enirn
690 470 917 529 *nomina
937 472 1043 542 ipsa
1066 489 1240 524 rerum
1266 471 1645 541 cognoscemus
1663 471 1685 503 ¹¹
1710 471 1812 524 hac
1848 491 1993 539 cura,

234 536 370 611 9sed
396 541 511 592 cuii
553 542 842 613 quodque¹
878 542 1000 594 loco
1041 542 1100 594 fit
1136 541 1473 613 aptiffimum.
1540 540 1817 594 ¹*Omnibus
1850 542 1996 596 enim

275 610 390 663 sere
425 611 597 664 verbis
618 623 671 675 ¹¹²,
707 622 894 682 praeter
925 630 1116 684 pauca,
1143 630 1263 684 quae
1298 611 1417 665 sunt
1452 629 1639 683 parum
1675 614 1993 681 verecunda,

281 681 617 734 in⁵0ratione
656 682 806 735 locus
846 684 937 735 est.
1010 684 1151 735 Nam
1190 683 1465 753 scriptores
1499 682 1751 754 quidam‘¹
1786 683 1993 736 iambo-

281 767 422 817 rum,
438 753 738 825 *veterisque
772 753 1069 818 comoediae,
1096 753 1255 806 etiam
1296 753 1349 805 in
1389 753 1495 807 illis
1520 753 1651 824 saepe
1673 752 1991 808 laudantur:

279 822 369 874 sed
407 824 560 876 nobis
598 826 828 876 nostrum
869 843 1001 894 opus
1044 823 1257 877 interim
1294 823 1433 876 tueri
1469 824 1590 877 sat-is
1629 823 1719 877 est.
1794 825 1997 878 Omnia

279 894 440 960 verba
490 895 745 966 (exceptis
794 895 861 948 de
908 893 1099 965 quibus
1150 895 1281 961 dixi)
1335 895 1457 947 sun't
1499 894 1700 948 alicubi
1748 897 1990 967 optima:

279 968 400 1016 nam
419 967 519 1018 ⁰'et
546 965 841 1019 humilibus
865 965 1074 1018 interim
1102 977 1157 1018 e't
1181 965 1488 1037 vulgaribus
1511 967 1582 1019 est
1605 967 1760 1037 opuS,
1784 977 1843 1019 'et
1873 985 1996 1039 quae

279 1035 502 1089 cultiore
522 1046 542 1078 Ρ
578 1037 632 1089 in
659 1048 803 1106 parte
829 1038 1075 1089 videntur
1099 1037 1324 1102 sordida,
1350 1037 1446 1089 ubi
1469 1055 1551 1090 res
1576 1036 1760 1108 poscit,
1786 1038 1997 1161 profiprie

198 1104 548 1162 lodicuntur.

623 1108 760 1161 Haec
797 1118 859 1159 ut
892 1108 1136 1174 sciamuS‚
1158 1118 1330 1179 atque
1365 1125 1548 1160 eorum
1587 1111 1694 1160 non
1732 1110 1861 1180 signi
1902 1128 1992 1162 ca-

277 1175 482 1230 tionem
525 1178 707 1244 modo,
748 1178 836 1231 sed
880 1177 1076 1231 formas
1116 1178 1275 1231 etiam
1320 1178 1688 1250 mensurasque
1733 1180 1996 1248 norimus,

276 1258 340 1299 ut
357 1258 400 1312 ⁹,
424 1249 748 1320 ubicumque
785 1260 942 1302 erunt
975 1249 1155 1320 pofita,
1183 1249 1519 1315 conveniant,
1545 1249 1638 1302 nifi
1675 1251 1846 1304 multa
1879 1251 1994 1305 lec-

276 1319 426 1372 tione
451 1331 610 1393 atque
634 1320 905 1373 auditione
928 1320 1123 1392 affequi
1149 1338 1254 1372 non
1279 1320 1577 1393 possumus3
1618 1339 1740 1373 cum
1779 1339 1996 1376 omnem

272 1388 570 1443 sermonem
598 1391 838 1461 ⁴auribus
887 1391 1118 1462 primum
1167 1391 1527 1463 accipiamuS.·
1583 1392 1802 1463 Propter
1849 1393 1998 1465 quod

275 1460 504 1514 infantes
528 1462 746 1515 a'rnutis
772 1462 1067 1515 nutricibus
1089 1462 1230 1534 jussu
1254 1481 1446 1534 regum
1471 1463 1526 1515 in
1551 1462 1833 1516 solitudine
1859 1465 1995 1518 edu-

277 1533 401 1598 cati,
427 1533 624 1586 etiamsi
663 1534 824 1586 verba
859 1533 1103 1606 quaedam
1131 1533 1344 1586 emififfe
1367 1533 1668 1598 traduntur,
1694 1539 1874 1588 tamen
1908 1535 1994 1588 lo-

198 1621 258 1658 11
277 1603 478 1675 quendi
513 1603 767 1657 facultate
801 1613 1104 1657 caruerunt.

1179 1605 1319 1657 Sunt
1351 1611 1528 1658 autem
1567 1604 1670 1658 alia
1704 1604 1864 1677 hujus
1898 1625 1994 1659 na-

275 1686 430 1740 turae,
456 1686 517 1728 ut
542 1675 683 1729 idem
707 1675 952 1747 pluribus
976 1675 1196 1728 vocibus
1219 1675 1508 1741 declarent,
1536 1676 1611 1729 ita
1633 1687 1696 1728 ut
1727 1676 1861 1729 nihil
1888 1678 1994 1750 sig-

276 1744 612 1812 nificationiS,
639 1765 748 1828 quo
772 1747 950 1818 potius
974 1747 1157 1812 utariS,
1184 1747 1416 1799 interfit:
1436 1739 1518 1800 xut
1541 1747 1660 1818 cusis
1685 1757 1738 1800 et.
1764 1747 1993 1820 gladius·

273 1816 417 1883 Alia,
445 1837 567 1890 quae
603 1817 803 1871 etiamfi
840 1816 1046 1889 propria
1077 1835 1254 1870 rerum
1290 1818 1581 1889 aliquarum
1619 1817 1725 1870 fint·
1753 1820 1994 1886 nomina,

273 1890 529 1954 ἰ-ρωνικεῦςῒ
565 1899 743 1942 tamen
771 1889 836 1942 ad
861 1888 1110 1941 eumdem
1139 1889 1473 1942 intellectum
1501 1889 1765 1956 feruntur,
1793 1901 1854 1943 ut
1869 1890 1994 1963 fer-

193 1978 259 2017 12
274 1965 383 2012 rum
409 1971 464 2012 ct
487 1980 665 2012 mucro.

739 1958 885 2013 Nam
924 1977 1017 2031 per
1052 1960 1353 2012 abusionem
1375 1960 1586 2030 ficarios
1615 1959 1777 2013 etiam
1805 1965 1994 2016 omnes

222 2065 225 2073 :
274 2035 547 2096 vocamus„
574 2031 667 2102 qui
704 2031 908 2084 caedem
947 2030 1054 2083 telo
1086 2049 1429 2103 quocumque
1454 2030 1834 2085 commiserint.
1907 2033 1992 2086 A-

273 2101 348 2154 lia
366 2111 382 2134 ⁸
409 2101 637 2155 circuitu
659 2103 939 2157 verborum
964 2102 1199 2173 plurium
1225 2102 1547 2166 ostendimus
1569 2123 1582 2155 ε
1623 2102 1783 2176 quale
1807 2103 1897 2170 est,

329 2296 348 2324 f
375 2299 574 2350 sequimur
593 2299 645 2339 G.
665 2298 1070 2349 consequimur-Jens.

205 2372 210 2377 ·
275 2351 286 2378 ¹
311 2355 487 2405 .quid,G.
648 2352 656 2377 ¹
693 2364 853 2403 quoque
872 2353 923 2391 G.
942 2354 1048 2392 Jens.

273 2411 295 2433 ⁸
324 2422 393 2447 om.
413 2406 481 2446 iid-

275 2466 291 2485 ¹*
321 2461 431 2512 quafi
452 2461 518 2513 inst
537 2459 643 2499 Jens.

332 2639 377 2680 9.
414 2621 634 2680 firiptores
673 2621 920 2675 iamborum]
963 2623 1087 2666 Grae·

273 2682 331 2731 ci,
359 2695 535 2738 quorum
568 2678 798 2737 fragmenta
827 2681 967 2737 passim
996 2681 1089 2723 sunt

273 2740 383 2797 apud
432 2739 685 2781 Athenaeum
710 2757 718 2779 ε
784 2739 847 2781 sed
896 2739 1088 2796 Priapeia

272 2800 395 2839 etiam
416 2797 606 2854 quaedam
625 2807 664 2847 et
685 2796 898 2840 Martialis
916 2797 1089 2840 obscena

273 2856 454 2898 iambica
472 2856 578 2896 sunt.
599 2883 601 2885 ·

284 2960 292 2969 ..
318 2914 406 2956 so.
425 2913 592 2971 formas
609 2911 906 2971 mensurasque]
928 2911 990 2954 Ut
1011 2911 1087 2955 sci-

273 2985 407 3022 amus,
449 2972 521 3021 cui
563 2971 758 3027 qucdque
794 2971 853 3012 rei
899 2980 1088 3013 accurate

273 3029 515 3077 conveniat?
547 3029 633 3072 haec
654 3028 802 3083 fhrma
835 3028 917 3070 estz
958 3042 1087 3085 quam

274 3084 355 3130 late
379 3092 547 3145 pateat?
579 3086 675 3129 fitne
703 3086 827 3129 latius
857 3101 909 3128 an
938 3085 1087 3144 angus-

275 3147 359 3189 tius
377 3151 392 3189 ἲ
422 3146 507 3190 haec
528 3147 732 3202 mensura.

339 3219 407 3246 ιο.
437 3202 618 3258 infantes
636 3217 665 3244 a
694 3201 815 3244 mutis
841 3198 1084 3255 nutricibus]

273 3262 397 3321 Qud
419 3262 739 3318 experimentum
761 3259 1088 3303 Psammetichus

276 3319 582 3376 AEgyptiorum
622 3333 692 3360 rex
736 3317 866 3360 foeiffe
913 3317 1085 3359 dicitur.

274 3377 432 3420 Herod.
468 3392 511 3425 2,
535 3392 577 3417 2.
619 3376 738 3418 Aeci.
776 3374 912 3418 Schol.
950 3374 1088 3431 Apol-

226 3420 245 3451 *⁸
273 3433 357 3477 lon.
382 3436 545 3491 Argon.
571 3449 617 3484 4,
639 3438 737 3475 262.
789 3435 947 3480 Notum
966 3442 1087 3475 caete-

274 3493 420 3551 roquin
453 3492 519 3541 est,
552 3491 690 3535 surdos
724 3505 746 3531 a
781 3502 928 3535 natura
962 3494 1015 3533 ob
1044 3491 1087 3541 id

654 2412 676 2439 P
703 2406 857 2445 utiliore
875 2408 981 2446 Jens.
1001 2415 1036 2445 et
1046 2405 1150 2457 plur.
1171 2407 1337 2445 cultiore
1356 2407 1467 2444 etiam
1487 2407 1545 2444 G.

753 2468 767 2489 ⁵
795 2460 910 2499 Talia
931 2461 980 2500 G.
999 2461 1105 2500 Jens.
1123 2461 1289 2512 Adhaefit
1304 2462 1342 2500 T
1361 2476 1407 2499 ex
1417 2460 1598 2511 proximo.

1198 2303 1216 2329 Β
1247 2299 1327 2338 sola
1346 2299 1398 2338 G.

1210 2358 1240 2377 ¹¹¹
1275 2355 1390 2392 rebus
1407 2352 1512 2391 Jens.

1538 2299 1557 2323 ¹¹
1589 2299 1868 2350 cognoscimus
1885 2301 1993 2342 Jens.

1678 2360 1695 2378 ¹¹
1727 2369 1797 2401 om.
1816 2355 1868 2394 G.
1884 2356 1992 2395 Jens.

1706 2413 1725 2440 ‘¹
1756 2415 1797 2447 et
1816 2408 1868 2448 G.
1885 2410 1993 2448 Jens.

1172 2623 1304 2680 ipsum
1334 2630 1473 2663 mutos
1502 2621 1660 2666 eosdem
1686 2621 1775 2674 effe,
1796 2621 1908 2681 quod
1918 2624 1990 2668 lo·

1171 2691 1341 2738 quentes
1371 2679 1475 2722 alios
1509 2694 1590 2722 non
1622 2679 1818 2725 audiant:
1861 2683 1990 2726 idem·

1171 2754 1252 2796 que
1283 2738 1480 2788 accidere,
1505 2736 1532 2779 sl
1561 2739 1634 2795 qui
1663 2738 1753 2790 sint,
1781 2740 1991 2795 ἓηριοθρέπ.

1169 2813 1257 2842 τως·

1233 2869 1302 2896 11.
1334 2867 1384 2895 en
1398 2869 1431 2896 1s
1463 2860 1503 2895 et
1525 2851 1713 2909 gladius]
1757 2854 1914 2898 Contra
1942 2868 1989 2896 a-

1170 2913 1256 2968 pud
1289 2912 1522 2954 Germanos
1555 2909 1675 2953 hodie
1707 2911 1887 2954 multum
1922 2913 1988 2955 in.

1170 2969 1286 3012 terest
1310 2972 1415 3012 inter
1439 2969 1605 3014 nomina
1631 2968 1732 3012 olim
1763 2970 1988 3027 synonyma

1135 3052 1140 3058 ·
1170 3026 1364 3071 Schwert
1393 3036 1434 3069 et
1471 3027 1638 3083 Degen:
1690 3041 1868 3083 quorum
1906 3027 1985 3071 hoc

1169 3099 1383 3143 nunquam
1411 3085 1462 3128 de
1492 3084 1697 3129 carnificis
1723 3099 1860 3142 opere,
1881 3084 1987 3128 illud

1169 3157 1383 3200 nunquam
1402 3143 1452 3186 de
1471 3144 1636 3185 honoris
1652 3142 1796 3200 insigni
1816 3143 1987 3186 adhibe-

1170 3211 1266 3243 turz
1301 3216 1394 3243 cum
1413 3202 1542 3260 ensem
1572 3210 1612 3242 et
1636 3199 1819 3256 gladium
1843 3202 1986 3245 Latini

1168 3258 1383 3316 scriptores
1414 3259 1492 3302 fine
1525 3257 1626 3308 ullo,
1659 3258 1770 3315 quod
1797 3258 1987 3302 obsenta-

1169 3326 1260 3359 tum
1300 3317 1363 3367 sit,
1399 3317 1631 3359 discrimine
1679 3316 1855 3368 dicant;
1912 3317 1985 3360 nisi

1170 3374 1281 3430 quod
1313 3374 1496 3425 observo,
1515 3373 1643 3430 ensem
1676 3372 1989 3419 familiariorem

1170 3432 1290 3488 longe
1322 3431 1395 3475 effe
1422 3433 1620 3489 virgilio,
1649 3445 1736 3486 quo
1766 3432 1829 3474 vel
1861 3433 1985 3489 quin-

1170 3491 1342 3546 quagies
1363 3490 1457 3534 usus
1480 3489 1541 3538 sit,
1562 3489 1633 3531 vix
1654 3498 1799 3545 quater
1808 3489 1968 3547 gladio.

1188 3579 1298 3627 214
