2268 4134
460 400 740 451 1NsT1T.
776 398 1122 451 ORATOR.
1158 399 1298 449 LIB.
1331 399 1477 449 VIII.
1511 398 1733 450 Pnooeu.
1932 415 1961 464 3

211 536 402 610 fiunem
419 537 631 609 :porro
655 537 978 610 depulsionem
1001 554 1218 590 omnem
1242 536 1559 590 infitiatione
1586 535 1809 608 duplici,
1828 537 1959 608 sac-

232 619 415 674 tumne,
441 619 488 662 et
512 629 581 662 an
606 609 900 680 hocfaftum
922 609 1032 680 effi⁹t
1047 610 1079 661 ἕ
1113 619 1365 679 praeterea
1399 609 1668 679 defenficme
1702 626 1765 661 ac
1790 613 1959 682 trans-

146 693 212 731 10
233 679 417 733 latione
434 686 449 715 ²
485 682 735 734 constare.
813 680 1132 751 Quaestionem
1165 691 1258 732 aut
1282 698 1347 732 ex
1371 679 1530 744 faeiO,
1557 692 1651 733 aut
1673 698 1741 733 ex
1763 681 1959 751 scripto

231 750 352 804 effe.
403 751 492 804 Ex
498 753 666 824 sacto,
691 752 759 805 de
780 770 957 804 rerum
984 750 1104 815 fide,
1133 750 1470 823 proprietate,
1499 751 1777 822 qualitate.
1834 752 1956 804 Ex*¹

153 859 156 863 -
210 822 425 896 scripto,
452 822 520 876 de
551 823 835 876 verborum
859 822 931 888 vi,
957 833 1051 874 aut
1074 822 1353 875 voluntate
1373 843 1388 874 ε
1426 822 1483 875 in
1511 823 1706 894 quibus
1730 823 1811 876 vis
1837 834 1957 878 tum

233 893 542 959 catastarum,
569 905 687 949 turn
714 894 984 948 actionum
1013 893 1197 966 inspici
1222 893 1403 959 soleat,
1429 912 1662 976 quaeque
1685 905 1778 947 aut
1800 893 1961 966 scrip-

229 963 273 1017 ti
299 976 355 1017 et
385 964 695 1033 voluntatiS,
723 977 815 1019 aut
851 964 1230 1018 ratiocinativae
1250 973 1293 1031 ¹,
1318 977 1412 1018 aut
1445 965 1837 1037 ambiguitati8‚
1862 976 1958 1018 aut

141 1050 202 1087 11
227 1034 411 1108 legum
437 1045 460 1068 ²
496 1038 876 1090 contrariarum
917 1035 1089 1108 specie
1123 1036 1449 1090 continetur,
1526 1038 1587 1088 In
1626 1036 1775 1089 omni
1799 1055 1957 1108 porro

227 1108 398 1160 cauffa
411 1107 656 1179 judiciali
685 1109 923 1181 quinque
949 1108 1050 1161 effe
1072 1119 1281 1179 partes:
1322 1126 1549 1179 quarum
1586 1109 1780 1161 exordio
1822 1126 1953 1161 con-

151 1190 171 1232 '.
225 1178 397 1232 eiliari
438 1179 765 1240 audientem,
792 1180 1116 1232 narratione³
1155 1177 1381 1231 cauffam
1419 1180 1663 1251 proponi,
1690 1180 1954 1252 confirma·

227 1250 392 1303 tioneb
431 1252 685 1316 roborari,
721 1252 1018 1322 refutatione
1037 1261 1056 1284 0
1097 1249 1321 1321 dissolvi,
1355 1251 1661 1324 peroratione
1701 1262 1796 1305 aut
1823 1270 1954 1305 .me·

138 1335 204 1375 12
227 1322 452 1377 moriam
467 1321 670 1393 judicis
696 1323 858 1388 refici,
887 1333 980 1375 aut
1006 1322 1214 1375 animos
1239 1320 1462 1375 moveri.
1540 1323 1645 1375 His
1670 1340 1958 1394 argumen-

224 1393 376 1445 tandi
414 1404 471 1446 et
511 1394 775 1447 afficiendi
814 1394 981 1460 locOS,
1018 1404 1074 1446 et
1111 1393 1309 1465 quibus
1351 1393 1638 1467 generibus
1677 1394 1954 1460 concitari,

224 1464 438 1536 placari,
463 1466 646 1518 resolvi
677 1465 888 1538 judices
922 1475 1151 1536 oportet,
1176 1465 1489 1538 adjecimuS.
1564 1466 1796 1518 Acceflit
1818 1467 1957 1518 ratio

180 1546 186 1549 “
222 1535 511 1590 divifionis.
604 1537 834 1590 Credere
893 1537 1077 1602 modo,
1125 1536 1219 1609 qui
1273 1537 1456 1602 discet,
1506 1536 1656 1603 velit,
1707 1547 1908 1590 certam
1931 1536 1955 1568 ¹

390 1608 513 1661 dam
558 1608 700 1661 viam
736 1608 857 1674 effe,
895 1608 951 1660 in
992 1628 1102 1680 qua
1144 1608 1319 1662 multa
1356 1609 1521 1661 etiam
1565 1609 1670 1661 fine
1712 1608 1955 1662 doctrina

221 1679 462 1749 praestare
485 1679 682 1733 debeat
705 1699 799 1752 per
822 1682 872 1733 se
899 1679 1007 1751 ipsa
1030 1690 1236 1745 natura,
1255 1690 1320 1734 ut
1343 1679 1481 1745 haec,
1508 1679 1576 1733 de
1599 1681 1794 1751 quibus
1819 1679 1954 1747 dixi,

222 1767 328 1803 non
351 1761 462 1803 tam
490 1752 708 1804 inventa
731 1771 763 1804 a
790 1752 1225 1824 praeceptoribus,
1252 1770 1433 1824 quam,
1460 1771 1586 1806 cum
1614 1752 1819 1818 fierent,
1846 1752 1951 1805 ob-

130 1834 196 1890 13
221 1820 423 1878 servata
443 1823 543 1886 effe
565 1823 862 1877 videantur.
937 1823 1062 1876 Plus
1092 1823 1322 1894 exigunt
1344 1823 1539 1877 laboris
1565 1833 1620 1876 et
1644 1841 1805 1890 curae,
1831 1842 1955 1895 quae

218 1893 529 1966 sequuntur.
604 1895 752 1947 Hinc
772 1905 791 1927 e
830 1893 977 1947 enim
1009 1893 1124 1966 jam
1152 1895 1433 1948 elocutionis
1455 1895 1716 1948 rationem
1752 1896 1952 1948 traetaae

123 1965 165 2008 κ’
218 1965 419 2030 ὒὶωιιε,
444 1976 651 2038 partem
686 1966 878 2038 operiS,
904 1975 968 2019 ut
1001 1965 1140 2021 inter
1179 1980 1368 2019 ornnes
1406 1978 1640 2019 oratores
1679 1967 1953 2033 convenit,

219 2035 611 2091 difficillimam.
685 2039 831 2090 Nam
869 2049 926 2091 et
959 2040 1044 2090 M.
1068 2038 1362 2104 Antonius,
1389 2037 1542 2110 cujus
1576 2037 1731 2110 supra
1754 2038 1952 2092 habui,

218 2125 341 2160 mus
358 2111 376 2143 s
401 2109 755 2174 mentionem,
782 2109 859 2163 ait
883 2111 983 2181 afi·
1007 2110 1206 2180 disertos
1231 2110 1360 2181 visos
1383 2111 1472 2182 effe
1495 2109 1692 2175 multoS,
1720 2109 1952 2183 eloquere*

212 2189 314 2246 fem
353 2190 518 2233 autem
537 2193 559 2225 8
593 2182 849 2234 neminem.
926 2179 1183 2254 Disertish
1229 2181 1353 2234 satis
1391 2191 1568 2254 putat,
1609 2180 1788 2234 dicere
1827 2200 1952 2253 quae

218 2262 496 2321 oporteat:
544 2263 730 2315 ornate
773 2264 953 2305 autem
1001 2252 1198 2318 dicere,
1232 2255 1506 2325 proprium
1548 2251 1650 2305 esse
1667 2254 1684 2288 ¹
1719 2251 1951 2325 eloquen-

136 2333 202 2385 14
221 2321 402 2392 tiffimi.
489 2324 631 2377 Quae
654 2323 822 2376 virtus
849 2324 879 2376 fi
909 2324 1074 2394 usque
1099 2324 1166 2376 ad
1190 2343 1317 2377 eum
1350 2324 1408 2376 in
1444 2323 1594 2377 nullo
1630 2334 1837 2395 reperta
1859 2324 1952 2391 est,

219 2411 282 2446 ae
311 2413 377 2447 ne
406 2395 495 2448 in1
537 2395 648 2466 ipso
672 2396 913 2467 quidem,
941 2406 1036 2448 aut
1060 2397 1124 2447 L.
1155 2395 1353 2461 Craflb,
1381 2406 1588 2448 certum
1611 2405 1644 2428 ¹¹³
1687 2396 1759 2447 est
1797 2406 1853 2447 et
1890 2395 1949 2448 in

219 2462 307 2529 his
329 2478 385 2519 et
410 2467 464 2519 in
490 2466 754 2538 prioribus
780 2485 897 2520 eam
925 2466 1288 2533 desideratam,
1315 2466 1440 2539 quia
1473 2465 1790 2520 difficillima
1823 2466 1949 2520 fuit.

220 2537 293 2589 Et
337 2538 556 2591 Marcus
603 2538 819 2591 Tullius
861 2539 1190 2591 inventionem
1231 2538 1452 2610 quidem
1497 2555 1559 2590 ac
1603 2537 1954 2610 dispositionem

134 2619 194 2674 15
220 2608 495 2678 prudentis
520 2609 756 2662 hominis
791 2620 948 2693 putat
963 2618 1005 2675 ¹²,
1032 2610 1357 2682 eloquentiam
1391 2609 1636 2663 oratoriS.
1714 2609 1951 2680 Ideoque

215 2680 484 2752 praecipue
507 2680 649 2735 circa
671 2691 836 2752 partis
859 2679 1020 2752 hujus
1053 2694 1318 2753 praecepta
1337 2687 1358 2708 ⁰
1396 2679 1708 2735 elaboravit.
1782 2679 1951 2735 Quod

266 2853 286 2879 ῒ
317 2849 558 2889 detraffione
578 2850 628 2888 G.
658 2849 916 2888 altercatione
945 2849 1054 2891 Jens.
1071 2850 1244 2890 transsat.
1265 2850 1419 2890 videtur
1436 2866 1461 2888 a
1477 2849 1564 2903 fila
1591 2851 1703 2902 Regii
1730 2851 1947 2903 conjectura.

220 2906 240 2935 ἓ
274 2917 344 2943 om.
363 2904 415 2943 G.
433 2904 537 2943 Jens.
650 2910 671 2933 Χ
699 2904 975 2942 ratiocinativa
995 2914 1064 2942 aut
1087 2905 1350 2955 ambiguitate
1371 2905 1420 2944 G.
1442 2909 1552 2951 recte,
1570 2905 1745 2944 arbitror.
1834 2913 1857 2934 2
1882 2917 1947 2945 re·

218 2968 311 2996 rum
330 2957 382 2996 G.
400 2958 507 2998 Jens.
619 2963 639 2987 ⁸
664 2958 768 2997 narr.
789 2957 987 3008 propofita
1007 2956 1058 2998 G.
1076 2959 1184 2996 Jens.
1311 2959 1328 2983 ὓ
1360 2956 1591 2998 confirmari
1611 2959 1663 2998 G.
1790 2963 1807 2984 ⁶
1839 2960 1949 2999 refu-

214 3010 370 3050 tatione
387 3021 457 3052 aut
475 3012 719 3051 memoriam
738 3012 846 3050 refici
868 3013 918 3050 G.
938 3012 1045 3050 Jcns.
1064 3021 1099 3051 et
1118 3011 1290 3066 plerique
1305 3013 1425 3052 MSS.
1454 3011 1648 3063 Restitutio
1675 3012 1823 3052 debetur
1846 3014 1949 3066 inge-

218 3065 277 3102 nio
295 3066 351 3104 Re
377 3066 420 3105 ι’ὶ.
531 3065 550 3090 ¹¹
586 3067 700 3105 tertia
721 3066 908 3117 quaedam
928 3067 1035 3104 varia
1054 3075 1094 3104 et
1113 3066 1164 3105 G.
1282 3072 1302 3092 ²
1338 3067 1418 3106 Hic
1433 3066 1522 3115 jam
1541 3066 1594 3106 G.
1717 3067 1734 3092 f
1761 3067 1949 3106 habueri-

218 3129 310 3157 mus
371 3148 381 3158 .
507 3124 529 3150 ⁸
560 3133 630 3159 om.
651 3120 703 3158 G.
834 3121 851 3144 ⁸¹
885 3119 1027 3159 diserto
1048 3120 1097 3158 G.
1228 3117 1237 3143 ¹
1269 3122 1325 3159 est
1346 3123 1405 3160 G..
1526 3120 1536 3144 ¹
1567 3122 1609 3158 in
1629 3134 1699 3161 om.
1719 3122 1771 3160 G.
1802 3123 1843 3160 in
1863 3121 1946 3171 ipso

215 3186 285 3212 om.
302 3173 412 3215 sens.
539 3178 570 3197 “²
602 3183 692 3212 tum
711 3174 766 3212 est
785 3181 826 3212 et
842 3175 905 3213 his
922 3183 962 3212 et
980 3174 1177 3225 prioribus
1195 3175 1320 3214 etiam
1342 3175 1558 3217 desiderata
1576 3174 1627 3214 G.
1790 3186 1815 3208 n
1837 3176 1946 3225 judi·

217 3234 281 3265 cat
300 3228 352 3267 G.
461 3235 482 3256 0
512 3242 580 3269 ont.
598 3229 705 3268 Jens.

279 3376 348 3406 ιο.
375 3361 647 3420 proprietate]
678 3362 724 3406 h.
757 3377 794 3406 e.
832 3361 1035 3406 finitione.
1120 3363 1231 3423 apud
1248 3365 1347 3408 Cic.
1368 3363 1420 3407 de
1440 3365 1564 3414 Orat.
1590 3379 1631 3415 1,
1654 3378 1726 3415 21,
1746 3378 1812 3423 pr.
1843 3363 1941 3406 Me-

216 3419 326 3462 Nam
347 3421 514 3466 ῖδιότκτος
532 3421 610 3464 five
622 3420 889 3480 proprietatis
906 3421 1038 3464 verbo
1119 3434 1308 3465 moratur
1326 3426 1453 3465 etiarn
1474 3424 1519 3465 in
1546 3426 1668 3466 Orat.
1690 3438 1729 3464 c.
1756 3437 1797 3476 5.
1837 3422 1940 3464 Vid.

203 3476 430 3532 finitionem
463 3478 622 3537 ostendi,
658 3479 765 3523 dixit
802 3479 884 3537 ipse
915 3494 955 3532 3,
991 3482 1034 3530 6,
1121 3495 1163 3531 7,
1189 3496 1228 3534 3.
1258 3485 1326 3523 16.

219 3549 288 3589 52.
947 3553 949 3555 ·
1181 3555 1251 3592 ¹4·
1299 3539 1365 3582 M.
1405 3538 1582 3595 Tullius]
1629 3540 1770 3587 Locus
1810 3539 1863 3582 est
1897 3539 1941 3581 in

276 3595 347 3646 13.
396 3593 464 3636 M.
501 3594 718 3650 Antonius]
766 3596 816 3638 In
852 3596 1033 3653 quodam
1119 3599 1241 3639 Orat.
1264 3612 1302 3640 c.
1331 3612 1396 3651 14.

216 3648 367 3702 libello,
388 3652 507 3707 cnjus
539 3651 640 3695 facit
673 3654 753 3711 ipse
787 3656 1035 3697 mentionem
1327 3653 1332 3661 ¹
