2320 4030
392 332 471 374 554
895 317 1129 358 INDEX
1183 316 1614 366 AUCTORUM,

447 442 657 482 Caecilium
674 455 719 494 4,
744 454 781 491 1,
799 455 868 495 49.
908 452 948 495 5,
974 454 1038 493 13,
1063 444 1126 506 ιβ.
1166 455 1207 491 9,

448 511 489 544 2,
525 507 582 545 17.
616 507 680 547 59.
739 509 800 540 11,
839 510 875 544 1,
912 509 976 536 20.
1031 507 1210 548 quinque

446 559 587 590 contra
622 551 785 591 Verrem
821 550 987 590 aetionis
1025 552 1210 590 secundae

445 606 537 643 libri
570 617 634 652 11,
665 617 704 651 Ζ,
736 613 801 654 25.
857 605 1068 644 confilium
1097 605 1211 644 Cice-

446 660 555 698 tonis
587 660 630 698 in
664 659 794 697 caufl'a
825 659 991 697 Verrina
1023 660 1062 705 6,
1098 667 1137 709 5,
1166 671 1207 709 4.

447 713 533 751 add.
556 721 594 760 7,
613 725 652 763 4,
675 723 740 762 33.
796 712 993 751 Hortensii
1022 725 1092 764 pro
1115 714 1214 752 Ver-

446 778 487 805 re
505 767 630 805 oratio
653 778 719 814 10,
742 778 779 812 1,
803 778 867 815 23.

577 820 703 858 adfuit
738 820 893 862 cauffae‚
932 820 1001 858 ubi
1040 820 1208 870 quidam

447 875 608 912 suarum
638 873 718 923 ipse
744 885 876 911 rerum
903 873 1031 920 judex
1058 882 1139 912 erat
1164 886 1207 923 4,

450 941 488 974 1,
512 940 575 978 19.
628 927 842 972 orationes,
865 939 964 976 quas
992 928 1039 966 C.
1058 929 1208 977 Appio,

444 981 646 1029 Domitio,
679 980 755 1019 Cn.
786 981 994 1031 Pompeio,
1024 982 1209 1019 ceterisve

445 1035 593 1084 scripsit
627 1046 667 1083 3,
698 1036 738 1081 8,
769 1045 832 1084 50.
887 1035 1089 1073 Ciceronis
1123 1036 1207 1072 sen-

444 1090 582 1126 tentiae
617 1097 656 1126 et
693 1088 909 1126 conciones
945 1100 1028 1126 non
1071 1091 1208 1127 minus

443 1142 611 1185 clarum,
640 1153 763 1191 quam
792 1143 846 1180 est
874 1143 916 1180 in
949 1142 1210 1180 accusationi-

441 1197 520 1235 bus
551 1208 599 1234 ac
629 1195 937 1244 defensionibus,
969 1196 1208 1246 eloquentiae

442 1249 585 1288 lumen
615 1251 828 1288 ostendunt
863 1262 902 1299 3,
933 1251 972 1295 8,
999 1251 1064 1300 65.
1121 1262 1205 1288 ora-

442 1305 603 1343 tionum
637 1303 723 1352 ejus
754 1304 892 1342 thema
922 1304 1104 1354 exposuit
1136 1305 1206 1343 Pe·
1243 1322 1247 1327 ·

442 1358 587 1396 dianus
607 1366 646 1407 5,
672 1369 735 1404 ιο,
758 1371 797 1409 9.

389 1431 546 1441 ---—
570 1411 754 1461 Epistolae
790 1423 826 1459 1,
849 1419 887 1459 7,
910 1423 974 1462 34.
1014 1412 1055 1458 6,
1078 1423 1117 1460 3,
1140 1424 1206 1452 20.

442 1479 484 1517 9,
517 1477 556 1515 3,
589 1467 654 1504 61.
696 1477 744 1513 9,
772 1477 814 1515 4,
842 1477 910 1515 41.
961 1477 1024 1512 10,
1058 1478 1090 1508 1,
1116 1475 1203 1514 107.

447 1531 510 1566 11,
534 1532 571 1564 1,
597 1531 660 1557 21.
695 1531 759 1566 12,
781 1533 821 1566 2,
843 1520 882 1557 6.

568 1573 618 1611 ad
645 1573 828 1624 Appium
854 1571 1074 1612 Pulchrum
1101 1575 1141 1622 8,
1163 1586 1204 1624 3,

444 1637 509 1677 35·

444 1735 508 1773 18.

566 1680 618 1719 ad
636 1680 822 1719 Atticum
845 1682 885 1727 6,
907 1693 946 1730 3,
971 1691 1061 1730 109·
1099 1683 1140 1729 8»
1163 1689 1203 1731 5,

566 1787 617 1825 ad
638 1787 698 1826 M.
718 1787 891 1826 Brutum
911 1799 950 1833 2,
974 1799 1040 1834 20,
1064 1798 1126 1827 10.
1160 1801 1201 1837 3,

439 1843 478 1885 8,
496 1853 564 1892 42.
612 1849 649 1892 5,
675 1852 738 1887 10,
760 1852 798 1890 9.
838 1841 879 1888 8,
902 1853 937 1890 3,
961 1842 985 1879 6
1004 1850 1040 1878 et
1060 1855 1122 1891 34.
1164 1845 1202 1885 8,

439 1898 553 1942 ⁶920
573 1903 609 1933 et
628 1904 694 1945 55·
737 1907 778 1944 9²
799 1907 840 1944 32
860 1907 909 1944 41
934 1903 970 1932 θ’
988 1897 1053 1948 58·
1096 1911 1137 1948 92
1157 1909 1200 1947 4²

436 1962 504 2000 41.
533 1949 628 2000 corgfl
649 1950 688 1995 6,
709 1960 749 1997 3,
771 1961 836 1988 20.

562 2004 612 2041 ad
631 2002 841 2041 Cerelliam
861 2002 903 2050 6,
923 2014 964 2052 3,
989 2014 1078 2043 112.

494 2079 546 2087 —
564 2057 614 2094 ad
635 2056 782 2094 Filium
805 2069 842 2104 1,
865 2066 905 2105 7,
929 2068 993 2107 34.

381 2113 433 2151 ln
453 2110 635 2162 Epistolis
654 2109 767 2148 nulla
784 2112 991 2149 contentio
1009 2112 1064 2148 est
1089 2111 1202 2149 Cice-

438 2165 545 2203 ronis
563 2179 608 2202 ac
625 2164 908 2203 Demosthenis
931 2176 994 2210 ιο,
1020 2177 1052 2207 ι,
1077 2176 1165 2212 107.
1184 2184 1186 2187 ⁴

563 2218 812 2256 Academica
841 2230 881 2266 2,
914 2227 977 2268 15,
1009 2227 1047 2268 5.
1095 2221 1135 2266 6,
1159 2232 1200 2266 τ,

381 2285 554 2359 -Ξῖζω
576 2325 818 2365 Tusculanae
866 2299 1114 2364 Quaffiones
1161 2339 1198 2373 ι,

441 2394 504 2427 ιο,
529 2391 591 2428 19.

378 2491 542 2574 ...Ξ-Ξῖ
560 2500 838 2591 {ss'seneetute
857 2549 898 2591 5,
923 2551 983 2584 11,
1003 2552 1071 2592 41.

561 2597 610 2634 de
627 2595 824 2633 Amicitia
842 2596 883 2642 8,
906 2607 942 2644 3,
963 2603 1028 2646 35.

560 2650 661 2687 Cato
681 2658 717 2698 5,
743 2661 803 2691 ιο,
824 2663 864 2700 9.

558 2701 726 2742 Catulus
771 2711 812 2741 et
856 2701 1059 2745 Lucullus,
1097 2715 1198 2752 quos

429 2760 519 2806 jam
555 2758 698 2804 editos,
734 2755 822 2795 aliis
859 2758 993 2806 postea
1030 2757 1197 2813 scriptis,

425 2813 517 2863 ipse
535 2811 743 2850 damnavit
763 2822 803 2860 3,
824 2811 864 2857 6,
887 2811 954 2859 63.

378 2889 433 2901 .-
561 2866 604 2903 in
622 2863 800 2914 Dialogis
823 2876 888 2911 11,
915 2876 950 2910 1,
973 2876 1036 2902 21.

381 2940 540 2954 ....·--
561 2919 604 2957 in
623 2917 730 2956 libris
749 2918 798 2956 de
820 2915 1092 2968 Philosophia,
1111 2917 1199 2956 Pla-

434 2973 540 3013 tonis
569 2971 744 3010 aemulus
773 2971 920 3010 exstitit
957 2981 1019 3018 10,
1052 2984 1088 3017 1,
1114 2984 1196 3021 ¹23.

435 3029 555 3067 libros
573 3025 748 3065 Platonis
767 3033 889 3075 atque
914 2998 1197 3075 Xenophontis

435 3081 559 3121 edidit
584 3079 789 3146 transsatos
821 3090 885 3128 10,
911 3090 952 3131 5,
973 3092 1010 3119 2.
1039 3080 1133 3131 corf.
1156 3089 1196 3130 5,

437 3148 502 3181 11,
524 3134 588 3173 28.

380 3209 544 3226 .-----
561 3187 604 3226 in
623 3186 879 3225 Carminibus
897 3197 937 3238 9,
957 3197 999 3236 4,
1017 3198 1148 3236 41.1
1161 3199 1195 3229 1,

439 3258 473 3286 1,
494 3256 515 3282 2
548 3269 557 3279 .
1095 3257 1098 3260 ·

378 3254 818 3344 ρ-ῘΕρῐςιοιιιιηει
845 3294 886 3331 in
926 3294 1104 3344 quodam
1134 3294 1198 3342 jo-

433 3349 557 3390 culari
575 3346 711 3386 libello
731 3350 772 3394 8,
793 3348 835 3395 6,
858 3355 922 3395 73.

529 3402 606 3443 dc
639 3401 734 3439 Jure
773 3412 1017 3451 componere
1061 3399 1196 3451 aliqua

436 3463 608 3507 coeperat
629 3466 755 3503 12‚3,
780 3465 843 3492 10.

381 3510 585 3553 Ciceronis
612 3519 758 3547 manus
773 3508 813 3560 s.
842 3505 1066 3560 αὐτόγραφα
1097 3519 1134 3554 1,
1157 3517 1193 3555 7,

435 3576 498 3605 20.

379 3618 570 3663 ,ludit-lum
589 3615 632 3654 de
650 3615 855 3658 Cicerone,
876 3621 911 3653 et
938 3612 1096 3666 (jusdem
1113 3628 1194 3653 cum

561 2435 612 2472 de
629 2433 785 2472 Natura
801 2433 983 2472 Deorum
1011 2443 1048 2480 1,
1070 2441 1110 2484 5,
1135 2445 1197 2481 72.
1259 2446 1261 2453 ¹

1343 441 1616 480 Demosthene
1635 442 1856 493 comparatio
1877 454 1937 487 10,
1960 457 1992 489 1,
2018 455 2111 498 105.-

1332 495 1444 549 seqq.
1473 503 1508 532 er
1540 507 1629 544 123.
1683 496 1901 547 Apollonio
1930 498 2105 548 Moloni,

1344 561 1467 598 quem
1488 550 1629 588 Romae
1652 549 1739 598 jam
1762 552 1954 598 audierat,
1974 552 2106 592 Rhodi

1344 604 1472 641 rursus
1500 602 1537 641 se
1564 605 1823 643 formandum
1850 617 1898 644 ac
1919 605 2029 645 velut
2048 618 2107 646 re-

1343 658 1599 707 coquendum
1638 658 1744 696 dedit
1778 670 1843 705 12,
1873 661 1914 707 6,
1945 669 1983 706 7.
2038 661 2106 700 fex

1341 717 1381 749 et
1399 712 1537 759 viginti
1560 719 1678 749 natus
1701 724 1828 750 annos
1850 724 1921 762 pro
1949 714 1990 752 S.
2010 714 2107 752 Ros-

1344 765 1408 802 cio
1428 766 1527 805 dixit
1551 777 1614 812 12,
1637 767 1676 813 6,
1697 778 1738 815 4.
1795 766 1886 805 inde
1916 769 2107 816 quaedam

1343 818 1571 857 deferbuifl'e
1606 828 1784 869 tempore
1821 829 1860 858 et
1896 822 2013 860 annis
2058 821 2110 860 li·-

1343 880 1481 921 quata‚
1522 872 1610 919 jam
1651 873 1777 911 senior
1813 874 1920 913 idem
1961 875 2106 915 fatetur

1344 924 1435 964 ibid.
1490 926 1602 971 dicit,
1630 928 1852 966 orationem
1881 928 2106 967 suam-coes·
2177 943 2181 946 ·

1344 979 1439 1028 piffe
1473 981 1678 1018 canescere
1719 992 1783 1028 11,
1827 994 1864 1029 1,
1901 987 1965 1031 31.
2020 995 2105 1022 non

1343 1040 1504 1072 tantum
1543 1034 1580 1071 se
1617 1034 1756 1072 debere
1792 1034 1937 1074 scholis
1972 1037 2130 1076 theto--

1343 1098 1450 1132 rum,
1470 1095 1669 1137 quantum
1700 1089 1929 1128 Academiae
1954 1089 2104 1140 spatiis,

1340 1141 1563 1190 frequenter
1590 1141 1668 1190 ipse
1697 1143 1856 1180 testatus
1881 1144 1937 1182 est
1968 1156 2031 1189 12,
2061 1157 2103 1190 2,

1345 1206 1409 1242 23.
1464 1207 1515 1233 ex
1544 1195 1790 1244 philosophis
1816 1196 2037 1246 plurimum
2065 1199 2105 1237 se

1342 1248 1498 1287 traxiss'e
1521 1249 1776 1298 eloquentiae,
1795 1251 2010 1290 confitetur
2037 1264 2104 1300 10,

1347 1313 1383 1348 1,
1404 1304 1470 1340 81.
1524 1303 1682 1341 dicendi
1712 1303 1944 1343 facultatem
1970 1317 2020 1344 ex
2042 1306 2105 1344 in:

1341 1356 1451 1394 timis
1497 1356 1698 1406 sapientiae
1742 1358 1919 1397 fontibus
1963 1359 2102 1407 fluere,

1342 1411 1502 1448 testatur
1526 1423 1589 1457 12,
1613 1424 1651 1457 2,
1673 1412 1711 1449 6.
1767 1412 1806 1450 se
1832 1419 1965 1451 totum
1993 1413 2042 1451 ad
2071 1413 2103 1451 i-

1340 1465 1595 1502 mitationem
1641 1465 1876 1504 Graecorum
1931 1466 2105 1506 contulit

1345 1529 1409 1565 10,
1449 1530 1485 1563 1,
1516 1519 1604 1556 108.
1661 1519 1810 1569 ubique
1842 1519 2017 1558 Platonis
2049 1532 2105 1559 πὸ

1341 1571 1479 1609 mulus
1502 1583 1562 1613 ιο,
1582 1584 1615 1614 ι,
1636 1584 1723 1622 123.
1780 1573 1818 1611 se
1837 1573 1887 1611 ab
1907 1573 1984 1612 illis
2003 1586 2103 1624 quo-

1341 1636 1420 1674 que
1442 1626 1704 1664 vetustiffimis
1729 1626 1970 1674 auffloribus,
1993 1629 2103 1678 inge·

1341 1679 1459 1717 niofis
1477 1680 1657 1728 quidem,
1677 1679 1741 1718 sed
1761 1690 1841 1718 arte
1858 1682 2103 1730 carentibus,

1340 1732 1561 1781 plurimum
1590 1734 1734 1772 fatetur
1759 1734 1943 1783 adjutum
1973 1747 2035 1783 ιο,
2062 1748 2100 1783 ι,

1339 1798 1407 1834 40.
1488 1787 1818 1826 eminentissimos
1866 1789 2102 1828 Graecorum

1339 1841 1394 1878 est
1420 1840 1576 1879 secutus
1601 1841 1644 1877 ‘in
1666 1841 1803 1892 pedum
1830 1842 1970 1880 ratione
1995 1854 2035 1892 9,
2057 1855 2102 1894 4,

1343 1903 1405 1942 79.
1463 1894 1587 1932 Quare
1620 1903 1780 1933 tantum
1816 1896 1992 1935 intulerit
2020 1896 2103 1935 eio-

1339 1948 1514 1998 quentiae
1541 1948 1712 1987 lumen?
1747 1959 1811 1996 10,
1848 1947 1887 1999 5,
1924 1950 1985 1989 16.
2014 1950 2102 1990 add.

1343 2013 1407 2048 12,
1429 2003 1471 2048 6,
1494 2010 1530 2049 7.
1585 2003 1747 2040 effinxit
1766 2005 1850 2041 vim
1867 2004 2105 2043 Demosthe-

1337 2055 1416 2101 nis,
1455 2056 1614 2106 copiam
1648 2056 1838 2103 Platonis,
1871 2058 2104 2105 jucundita-

1337 2116 1421 2147 tem
1449 2109 1629 2148 Isocratis
1660 2121 1724 2157 10,
1755 2120 1793 2157 ι,
1819 2111 1907 2149 108.
1963 2114 2104 2161 praeci-

1338 2175 1466 2212 puum
1485 2163 1638 2207 lumen,
1659 2163 1759 2202 ficut
1777 2163 2028 2215 eloquentiae,
2048 2168 2104 2205 ita

1338 2219 1546 2267 praeceptis
1574 2228 1734 2268 quoque
1761 2218 1846 2266 ejus
1864 2219 1987 2266 dedit,
2007 2221 2101 2258 uni-

1337 2281 1433 2308 cum
1471 2272 1579 2322 apud
1616 2283 1689 2310 nos
1721 2272 1922 2322 specimen
1958 2275 2097 2313 orandi

1336 2325 1585 2374 docendique
1620 2326 1807 2364 oratorias
1843 2334 1944 2366 artes
1979 2339 2020 2376 3,
2059 2340 2097 2375 1,

1336 2389 1402 2417 20.
1457 2379 1637 2428 optimus
1667 2379 1804 2418 anaor
1836 2391 1884 2418 ac
1917 2381 2100 2430 magister

1336 2430 1576 2482 eloquentiae
1606 2442 1642 2482 5,
1675 2445 1736 2481 ιι,
1761 2441 1823 2480 ι7.
1878 2435 2030 2473 Latinae
2057 2448 2098 2474 e-

1333 2485 1551 2535 loquentiae
1578 2488 1762 2537 princeps
1791 2489 1831 2535 6,
1860 2499 1899 2537 3,
1928 2498 1964 2527 ι.
2019 2500 2098 2528 cae-

1334 2539 1438 2578 lestis
1474 2541 1516 2578 in
1553 2540 1724 2579 dicendo
1758 2542 1820 2580 vir
1855 2548 1918 2588 ιο,
1955 2555 1996 2591 2,
2034 2546 2097 2582 18.

1335 2594 1445 2643 quod
1471 2594 1609 2632 Cicero
1628 2595 1772 2639 divine,
1793 2602 1837 2633 ut
1859 2597 2010 2640 omnia,
2028 2607 2100 2635 ex.

1333 2647 1508 2697 sequitur
1539 2660 1575 2694 1,
1606 2649 1643 2691 6,
1677 2650 1738 2687 18.
1793 2649 1945 2699 optime
1973 2651 2098 2699 idem,

1335 2702 1403 2750 qui
1423 2702 1577 2747 omnia,
1598 2702 1736 2741 Cicero
1762 2713 2003 2754 praeceperat
2033 2717 2098 2754 11,

1337 2766 1375 2804 3,
1402 2758 1490 2806 184.
1545 2756 1709 2803 fiducia,
1738 2756 1837 2794 sicut
1863 2758 2019 2806 omnia,
2054 2760 2097 2798 in

1334 2809 1527 2847 Cicerone
1554 2810 1756 2860 praecipua
1782 2812 1836 2849 est
1865 2820 1906 2861 5,
1939 2805 2119 2862 13‚·522‘

1333 2874 1467 2901 arcem
1499 2863 1629 2902 tenuit
1660 2863 1899 2914 eloquentiae
1934 2877 1996 2913 12,
2033 2877 2098 2914 11,

1336 2917 1401 2957 28.
1456 2918 1560 2955 stetit
1594 2917 1636 2955 in
1669 2917 1822 2967 fastigio
1857 2918 2096 2969 eloquentiae

1338 2981 1398 3013 12,
1433 2982 1465 3013 ι,
1497 2983 1559 3010 20.
1607 2971 1700 3022 conf.
1735 2983 1799 3018 12,
1837 2983 1900 3019 ιι,
1930 2974 1995 3013 26.
2051 2975 2096 3012 in

1332 3032 1502 3074 utroque
1519 3025 1676 3062 dicendi
1705 3037 1861 3074 genere,
1882 3033 1919 3064 et
1927 3026 2098 3077 fimplici

1333 3077 1397 3115 illo
1416 3086 1451 3115 et
1467 3077 1695 3125 admirabili,
1716 3079 1868 3116 eminet
1890 3091 1952 3128 11,
1974 3092 2010 3127 1,
2028 3091 2096 3129 92.

1319 3131 1404 3183 seq.
1431 3132 1526 3183 cerff.
1551 3143 1614 3178 12,
1639 3145 1698 3175 ιο,
1720 3144 1786 3184 3-9.
1843 3133 1884 3170 in
1905 3135 2096 3174 omnibus

1331 3185 1664 3224 eminentiffimus
1696 3198 1757 3229 12,
1781 3198 1844 3232 10,
1870 3199 1932 3227 12.
1986 3188 2095 3226 surn-

1332 3250 1426 3276 mus
1449 3239 1517 3277 ille
1544 3239 1838 3278 trafitandorum
1863 3240 2094 3280 animorum

1330 3293 1471 3330 artifex
1513 3304 1577 3338 11,
1622 3305 1659 3339 ι,
1693 3294 1758 3343 85.
1833 3293 2094 3335 certiffimum

1255 3371 1259 3374 »
1331 3353 1620 3395 praeceptorum
1639 3356 1780 3395 genus,
1799 3346 1905 3386 illius
1930 3348 2001 3386 viri
2021 3349 2095 3387 ob-

1331 3399 1496 3438 servatio
1534 3411 1597 3447 ιι,
1632 3412 1668 3446 ι,
1701 3410 1765 3447 71.
1823 3401 1873 3438 ad
1902 3401 2094 3447 omnium

1330 3454 1467 3491 orandi
1487 3453 1683 3491 virtutum
1702 3453 1888 3503 exempla
1906 3453 1968 3492 vel
1988 3465 2095 3493 unus

1331 3507 1475 3544 sufficit
1495 3507 1535 3552 8,
1557 3518 1597 3555 3,
1619 3508 1684 3544 66.
1740 3506 1806 3544 ille
1831 3508 1867 3545 se
1891 3507 2094 3558 profecisse

1331 3559 1442 3606 sciat,
1479 3560 1545 3597 cui
1582 3560 1722 3598 Cicero
1756 3560 1870 3599 valde
1917 3561 2092 3611 placebit

1335 3625 1399 3662 ιο,
1424 3626 1460 3662 ι,
1484 3625 1573 3656 112.
1627 3613 1768 3653 cicero
1792 3613 1883 3663 jam
1910 3626 1992 3654 non
2017 3616 2092 3654 ho·
