2320 4030
1215 182 1250 206 Ο

286 333 352 392 36
676 335 753 383 M.
788 335 995 383 FABII
1034 332 1612 383 QUINCTILIANI

501 468 572 523 Ut
593 474 705 523 cum'
722 470 995 522 carceribus
1016 468 1118 542 sese
1143 467 1359 540 effudire
1380 469 1661 540 quadriga,
1960 493 1964 495 “

495 541 721 594 Addunt
738 544 802 613 st
821 540 844 572 ¹‘
861 543 913 592 in
931 542 1143 621 spatia3
1184 550 1231 591 et
1246 538 1450 618 frustra
1474 536 1750 592 retinacula
1778 537 1997 590 tendens·

495 611 677 664 Fertur
703 612 835 685 equis
861 632 1065 684 aurzga,
1091 630 1244 683 neque
1267 610 1411 662 audzt
1437 630 1607 663 currus
1631 610 1866 679 habenas.

278 699 394 762 'Sed
429 707 547 762 haec
583 709 703 763 sunt
743 709 847 761 fine
889 706 1206 780 antapodofi.
1281 706 1508 759 Redditio
1547 716 1723 760 autem
1769 705 1860 758 illa
1897 722 2008 757 rem
2033 709 2099 770 79

285 789 459 832 utram
503 798 587 845 ue,
626 778 786 852 quam
826 788 1112 851 comparat,
1151 776 1298 830 velut
1338 777 1551 848 subjicit
1597 777 1788 843 oculiS,
1824 787 1880 828 et
1914 794 2010 847 pa·
2075 825 2091 851 ε

286 851 413 904 riter
437 799 677 903 oitendit.
753 850 921 903 Cu‘us
947 849 1194 921 praeclara
1218 847 1358 919 apud
1381 848 1677 920 Virgilium
1716 846 1885 900 multa
1924 864 2009 898 re·
2075 854 2077 857 ’

285 921 435 991 perio
459 921 718 992 exempla,
751 920 804 974 se
889 919 1129 973 oratoriis
1177 919 1354 991 potius
1393 919 1651 972 utendum
1699 919 1787 970 est.
1860 916 2013 992 Dicit

290 991 484 1044 Cicero
524 1010 621 1063 pro
663 993 915 1055 Murena,
968 991 1079 1044 U'r’
1104 990 1246 1042 aiunt
1290 989 1343 1042 in
1387 989 1581 1043 Graecz's
1623 989 1895 1062 artificibus
1939 1007 2013 1062 eof

287 1061 509 1114 auloedos
552 1062 659 1133 ff,
717 1061 804 1134 qui
844 1061 1106 1114 citharoedi
1151 1060 1282 1133 fieri
1327 1081 1423 1113 non
1470 1071 1769 1135 potuerunt:
1813 1059 1890 1130 fic·
1927 1075 2013 1112 nos

287 1131 529 1198 videmus,
556 1132 652 1213 qui
701 1142 911 1193 oratores
938 1134 1168 1189 ‚evadere
1213 1151 1309 1184 non
1338 1142 1620 1204 potuerunt,
1659 1133 1732 1184 eor
1773 1131 1845 1205 ad
1870 1127 2013 1204 juris

271 1193 509 1273 studium*
526 1203 755 1256 devenire
775 1203 807 1256 ¹.
897 1202 1043 1257 Illud
1088 1221 1182 1275 pro
1218 1202 1427 1270 eodem,
1461 1203 1577 1275 jam
1619 1220 1759 1274 pene·
1797 1201 2010 1274 poetico
2032 1190 2103 1246 8&

287 1273 490 1344 spiritu,
541 1273 631 1327 sed
656 1285 842 1329 ,tamen
879 1293 1003 1328 cum
1042 1275 1134 1327 sua
1173 1273 1490 1339 redditione,
1567 1273 1675 1326 uod
1708 1273 1780 1326 est
1817 1271 1883 1325 ad
1921 1290 2011 1325 or-

288 1355 472 1397 natum
522 1345 1006 1399 accommodatius:
1061 1364 1206 1411 nam,
1254 1345 1322 1397 Ut
1367 1293 1660 1418 tempestates
1701 1345 1845 1417 saepe
1891 1353 2013 1397 certo

288 1415 456 1488 aliquo
494 1416 605 1469 coeli
629 1417 776 1488 stgno
813 1426 1167 1470 commoventur
1184 1429 1234 1482 ¹¹¹,
1260 1418 1435 1489 scepe*
1461 1416 1738 1489 improvg'sQ
1774 1414 1918 1468 nulla
1953 1435 2015 1468 ex

288 1497 419 1553 certa
452 1487 657 1552 ratione,
695 1489 891 1559 obscura
915 1487 1086 1560 aliqua
1110 1507 1170 1538 ex
1193 1488 1356 1559 causta
1381 1488 1687 1540 concitantur
1708 1508 1724 1539 .·
1745 1487 1822 1560 stc
1843 1487 1897 1557 in
1921 1487 2016 1550 hac

289 1558 583 1626 comitiorum
633 1558 904 1631 tempestate
948 1558 1185 1633 populari
1258 1570 1364 1631 aepe
1408 1558 1705 1630 intelligas,
1740 1578 1830 1630 quo
1858 1557 2014 1630 stgno

290 1639 518 1681 commota
535 1629 612 1699 stt
633 1649 647 1694 ;
669 1631 811 1702 saepe
848 1630 922 1681 ita
954 1628 1153 1702 obscura
1178 1650 1202 1681 e
1244 1669 1258 1693 ,
1302 1639 1359 1681 ut
1389 1630 1541 1702 casu⁰
1562 1630 1774 1682 excitata
1812 1631 1900 1701 gfff}
1923 1628 2010 1681 vi·-

290 1700 487 1752 deatur.
563 1701 699 1753 Sunt
723 1712 777 1753 et
801 1699 908 1753 illae
941 1702 1148 1766 breveS,
1194 1699 1417 1772 Vagique
1441 1710 1462 1742 Ρ
1478 1713 1570 1774 per
1585 1700 1757 1770 silvas
1791 1701 1894 1753 ritu
1915 1698 2010 1771 fe-
2033 1689 2117 1744 81ν

290 1790 500 1823 rarum.-
540 1783 594 1824 et
641 1771 774 1823 illud
817 1771 1089 1824 Ciceronis
1137 1771 1192 1823 in
1239 1771 1514 1837 Clodium,
1557 1772 1664 1842 Quo
1716 1791 1776 1823 ex
1798 1771 2010 1845 judicio,

288 1841 431 1893 velut
471 1863 529 1894 ex
567 1843 804 1907 incendio,
842 1843 1003 1895 nudus
1043 1843 1242 1914 cffugit.
1331 1842 1543 1897 Quibus
1585 1842 1768 1895 similia
1807 1842 2015 1914 possunt

290 1911 501 1965 cuicum
545 1932 629 1978 ue,
690 1913 852 1966 etiam
907 1932 974 1966 ex
1021 1913 1334 1985 quotidiano
1385 1914 1639 1979 sermone,
1695 1913 2013 1967 succurrere.

290 1983 438 2049 Huic
463 1984 520 2037 su
549 1984 695 2056 jacet
732 1984 897 2038 virtus
923 1992 1030 2037 non
1055 1984 1223 2038 solum
1249 1995 1428 2057 aperte
1465 1983 1700 2056 ponendi
1740 2003 1853 2038 rem
1891 1995 2015 2038 ante

344 2107 364 2133 ¹<
396 2123 465 2148 om.
485 2109 536 2148 G.

291 2169 312 2191 ⁰
341 2162 421 2202 fine
441 2164 556 2202 causa
575 2163 626 2203 G.

631 2109 640 2134 ¹
672 2110 862 2148 divertere
881 2110 931 2149 G.
947 2110 1053 2150 Jens.
1068 2118 1103 2149 et
1120 2109 1174 2151 al.

1802 2120 1827 2144 ¹¹
1844 2123 1894 2152 ex
1907 2092 2016 2168 sens.

737 2169 756 2197 P
782 2164 870 2215 vagi
891 2165 942 2204 G.

1273 2115 1305 2136 ¹¹¹
1339 2119 1654 2151 commonentur
1668 2111 1718 2152 G.

353 2290 424 2330 79·
449 2283 525 2332 pro
546 2277 748 2332 Murena]
782 2279 837 2321 C.
864 2293 934 2332 13.
967 2249 1107 2321 Nimi-

1190 2279 1473 2338 adfignabant,
1506 2280 1617 2336 quod
1640 2279 1905 2322 observaffent
1925 2294 2014 2323 cer-

293 2345 403 2383 rum,
423 2344 586 2391 quantae
614 2337 712 2378 artis
752 2336 799 2379 sit
833 2337 1109 2379 citharoedum

1190 2340 1247 2380 tis
1269 2339 1363 2380 anni
1395 2340 1652 2395 temporibus
1686 2339 1775 2380 suas
1815 2339 2014 2395 quasdam

292 2392 380 2440 effe,
411 2391 453 2433 h.
477 2406 514 2434 e.
537 2393 706 2436 citharae
725 2408 869 2438 nervos
890 2396 944 2437 im
977 2394 1109 2446 essere,

292 2459 334 2492 et
353 2449 523 2492 eundem
546 2465 646 2493 voce
665 2454 859 2502 accinere,
891 2453 935 2511 ip
953 2469 973 2494 e
993 2453 1110 2510 supra

293 2507 493 2549 indicavit
526 2509 682 2551 Fabius
706 2525 746 2559 1,
768 2526 835 2558 12,
860 2525 900 2563 3.
964 2512 1110 2553 Minus

293 2565 427 2606 multo
465 2565 517 2607 est
548 2566 759 2609 auloedum
798 2567 885 2617 esse,
929 2568 1006 2610 hoc
1040 2568 1110 2618 est,

295 2624 421 2665 tibias
443 2623 599 2666 inflanti
623 2623 694 2666 alii
714 2626 1018 2668 accommodare
1038 2641 1111 2669 vo-

295 2695 399 2721 cem.
465 2682 604 2735 Igitur
630 2683 704 2739 qui
742 2683 855 2739 prius
893 2683 992 2726 illud
1023 2692 1112 2726 ten-

296 2739 402 2780 tavit
433 2738 667 2789 infeliciter,
697 2741 836 2783 omifl'a
869 2742 1027 2783 cithara
1047 2752 1111 2783 ta-

295 2810 389 2837 men
409 2796 597 2838 auloedus
617 2796 688 2839 effe
702 2798 844 2854 potest.

357 2869 428 2909 79.
449 2854 908 2909 evadere—devenire]
934 2853 1113 2899 Pulchre

297 2911 526 2953 observavit
545 2912 808 2955 Burmannus
824 2914 1001 2956 duorum
1023 2929 1112 2956 ver-

298 2970 445 3011 borum
470 2969 775 3028 oppositionem,
815 2986 991 3027 quorum
1013 2971 1113 3014 alte-

297 3041 389 3069 rum
409 3026 459 3069 de
478 3028 663 3069 adscensu
685 3028 829 3078 arduo,
859 3029 909 3071 de
927 3029 1112 3072 descensu

296 3086 350 3127 ad
370 3083 588 3127 humiliora
619 3084 789 3127 alterum
821 3087 979 3143 proprie
998 3087 1114 3129 usur·

299 3152 438 3198 parur.
499 3144 555 3185 Et
575 3143 664 3184 sane
699 3143 880 3185 constans
910 3143 1018 3200 apud
1041 3146 1115 3187 Ci-

298 3214 480 3243 ceronem
497 3199 895 3259 lefiioQinGtiliani
915 3201 1031 3244 libris
1047 3202 1115 3244 hic

299 3257 563 3314 praeferenda,
593 3258 664 3300 nisi
702 3267 899 3315 putamus
937 3261 1115 3302 Fabium

299 3316 468 3372 potuisse
488 3316 657 3358 verbum
679 3326 822 3372 parum
851 3318 1114 3360 commodum*

302 3373 535 3416 substituere
555 3370 840 3415 efficaciffimo.

362 3435 432 3472 80.
459 3439 535 3487 pro
552 3431 704 3483 eodem]
738 3431 791 3473 C.
820 3447 888 3482 17.

362 3492 433 3529 80.
479 3487 611 3544 aliquo
641 3487 732 3529 coeli
757 3488 900 3544 signo]
953 3490 1112 3533 Totam

298 3549 406 3589 enim
417 3547 697 3603 tempestatum
711 3549 905 3589 rationem
920 3546 1114 3591 sideribus

1190 2395 1274 2438 fere
1311 2395 1546 2452 respondere
1583 2396 1868 2455 tempestates;
1895 2405 2012 2439 tem-

1193 2469 1291 2511 pora
1321 2464 1456 2497 autem
1485 2454 1554 2496 illa
1586 2469 1666 2496 non
1687 2454 1777 2496 alia
1809 2468 1850 2496 re
1883 2469 2012 2512 quam
2061 2499 2063 2503 ,

1193 2512 1363 2554 sidemm
1384 2522 1477 2554 ortu
1497 2521 1619 2568 atque
1649 2514 1768 2555 obitu
1787 2511 2013 2570 distingue·

1194 2580 1282 2612 rent
1307 2569 1379 2628 ipfi
1398 2571 1519 2612 etiam
1541 2580 1678 2613 nautae
1699 2580 1825 2626 atque
1842 2572 2009 2625 rustici;

1195 2642 1324 2681 quam
1339 2642 1422 2669 rem
1438 2629 1646 2670 memoria:
1659 2627 1790 2670 caussa
1809 2644 1905 2671 cum
1922 2644 2012 2672 ver·
2056 2668 2058 2670 .

1194 2686 1304 2727 sibus
1341 2685 1705 2742 complecterentur
1755 2697 1902 2744 poetae,
1954 2686 2013 2730 ufi

1191 2745 1286 2785 sunt
1306 2743 1376 2785 illa
1397 2743 1466 2785 sua
1485 2743 1665 2793 licentia,
1682 2754 1732 2786 ut
1751 2744 1887 2786 afium
1901 2743 2013 2801 figno

1193 2801 1538 2857 efficientiamque
1576 2802 1820 2844 tribuerent.
1899 2803 2013 2845 Hinc

1195 2858 1358 2900 Aratus
1392 2859 1539 2916 pendet
1578 2868 1618 2902 et
1650 2869 1715 2901 tot
1747 2859 1859 2902 illius
1888 2859 2014 2904 inter-

1194 2925 1340 2972 pretes·
1403 2918 1516 2959 HInc
1550 2918 1632 2975 ipse
1665 2917 1910 2968 Columella,
1940 2919 2014 2975 qui

1196 2973 1500 3031 Astrologicam
1521 2977 1743 3018 vanitatem
1778 2974 1935 3032 aliquot
1965 2976 2014 3019 li-

1196 3031 1282 3073 bris
1303 3030 1600 3083 confutaverat,
1630 3043 1764 3074 tamen
1796 3034 1836 3074 in
1858 3033 2016 3077 Kalen·

1195 3088 1314 3130 dario
1333 3089 1495 3141 rustico,
1525 3091 1637 3147 quod
1657 3090 2014 3134 luculentissimum

1196 3146 1310 3189 dedit
1334 3163 1350 3189 1
1365 3163 1403 3197 1,
1425 3163 1468 3199 2,
1499 3148 1638 3206 paffim
1659 3150 1717 3190 ita
1737 3148 1936 3203 loquitur,
1967 3160 2016 3192 ut

1197 3203 1223 3245 si
1245 3205 1495 3262 tempestates
1516 3208 1763 3248 commoveri
1781 3221 1804 3248 a
1826 3205 1955 3262 fignis
1975 3218 2017 3251 et

1197 3261 1280 3327 ipse
1297 3263 1513 3307 existimet.
1575 3264 1783 3306 Caeterum
1798 3263 1923 3320 figna
1942 3280 2018 3322 pro
2056 3272 2065 3276 “

1198 3319 1392 3362 sideribus
1412 3333 1492 3363 non
1525 3334 1596 3364 κη
1629 3321 1709 3364 illis
1729 3331 1893 3363 tantum
1929 3325 2015 3365 Zo-

1195 3378 1304 3421 diaci
1325 3377 1597 3428 nobiliffimis,
1614 3379 1677 3421 sed
1691 3378 1903 3422 universim
1924 3395 2014 3423 orn·

1196 3437 1321 3479 nibus
1358 3437 1474 3490 ponit
1511 3437 1634 3479 etiam
1670 3436 1771 3479 alias
1798 3437 1947 3480 Cicero
1964 3438 2016 3481 de

1199 3494 1294 3535 1nv-
1330 3510 1369 3542 1,
1405 3507 1476 3546 34,
1506 3493 1724 3552 Signorum
1752 3501 1865 3538 ortus
1896 3503 2019 3554 atque

1197 3550 1323 3611 obitus
1353 3552 1431 3594 &a
