2320 4030
230 378 323 442 278
639 376 716 425 M.
751 374 953 425 FABII
989 373 1598 424 QUINCTILIANI‘

228 531 390 585 quam
419 510 590 579 tensis«,
616 511 807 581 pollice
831 511 976 565 intus
1011 511 1283 575 inclinem,
1309 508 1545 561 habilem
1566 507 1641 559 'in
1675 506 1812 559 latus
1849 505 1944 559 de-

230 581 585 646 monstrandO,
602 592 694 634 aut
717 583 1088 654 distinguendo
1104 594 1144 644 ⁸,
1165 601 1284 652 quae
1310 579 1557 645 diciniuS,
1577 590 1792 631 manum
1813 577 1946 630 faci-

230 672 371 718 muS,
399 671 521 705 cum
559 653 740 723 supina
762 654 816 705 in
845 654 1097 706 sinistrum
1122 653 1280 717 latus,
1307 670 1472 723 prona
1494 651 1549 702 in
1576 650 1801 703 alterum
1837 647 1946 700 fer-

167 740 170 743 ’
234 735 340 777 tur.
415 726 552 776 Sunt
591 734 645 775 et
679 724 754 775 illi
788 725 972 777 breves
1007 725 1201 795 gestuS,
1228 742 1350 775 cum
1388 741 1578 774 manus
1604 720 1789 773 leviter
1815 738 1947 789 pan·
1973 743 2045 772 100

236 795 378 856 data,
413 795 582 866 qualis
621 795 923 847 voventium
946 794 963 826 f
1003 797 1093 859 est,
1133 794 1301 865 parvis
1342 791 1649 854 intervalliS,
1685 802 1740 843 et
1774 789 1949 843 subas-

234 866 581 918 sentientibus
607 866 841 917 humeris
866 877 1127 930 movetur,
1154 865 1384 917 maxime
1410 873 1530 934 apta
1552 880 1706 934 parce
1731 872 1785 913 et
1809 861 1952 932 quafi

237 936 428 998 timide
477 935 836 1005 loquentibuS.
911 937 998 988 Est
1025 946 1047 988 δ
1108 934 1439 988 admirationi
1486 933 1805 986 conveniens
1861 930 1954 984 ille

238 1009 434 1077 gestuS‚
477 1025 585 1078 quo
627 1026 815 1058 manus
858 1007 1069 1058 modice
1112 1006 1367 1077 supinata,
1411 1023 1472 1057 ac
1515 1022 1608 1075 per
1653 1002 1881 1074 fingulos
1922 1020 1956 1055 a

237 1077 465 1131 minimo
499 1077 724 1129 0011εᾶ3,
747 1077 948 1148 digitos
970 1078 1010 1142 ¹³,
1038 1076 1288 1129 redeunte
1321 1077 1463 1128 flexu
1487 1074 1637 1127 fimul
1663 1074 1956 1145 explicatur

240 1159 399 1219 atque
426 1148 769 1200 convertitur.
843 1149 965 1200 Nec
1001 1166 1111 1200 uno
1136 1147 1297 1200 modo
1333 1146 1718 1217 interrogantes
1748 1145 1952 1215 gestum

241 1218 647 1290 componimus:
693 1219 1006 1288 plerumque
1050 1230 1227 1270 tamen
1262 1218 1554 1270 vertentesi
1593 1234 1831 1282 manum,
1867 1225 1957 1268 ut-

244 1290 516 1360 cumquek
555 1290 837 1360 composita
873 1290 963 1342 est.

1979 1172 2060 1201 101-

1040 1288 1226 1341 Pollici
1266 1288 1534 1360 proximus
1574 1286 1796 1359 digitus,
1838 1303 1958 1338 me-
1994 1292 1995 1295 ’

243 1360 519 1431 diumque,
545 1379 647 1429 qua
677 1359 857 1412 dexter
884 1362 971 1425 est,
1008 1378 1248 1431 unguem
1273 1358 1454 1429 pollici
1476 1358 1683 1411 summo
1707 1358 1799 1410 suo
1824 1356 1958 1428 jun·
1997 1393 2004 1399 -

242 1450 396 1503 gem,
424 1431 638 1483 remiffis
676 1431 884 1494 ceteriS‚
920 1433 992 1483 est
1031 1442 1086 1483 et
1126 1430 1559 1502 approbantibuS,
1599 1440 1656 1481 et
1698 1428 1958 1482 narranti-

236 1504 347 1554 bus
387 1511 441 1554 et
479 1501 919 1572 distinguentibus
958 1502 1200 1555 decorus,
1274 1501 1378 1554 Cui
1421 1520 1526 1553 non
1573 1498 1960 1566 diffimilis,1ed

245 1573 576 1643 compreffis¹
626 1573 794 1624 tribus
840 1573 1045 1643 digitis,
1093 1591 1204 1643 quo
1253 1591 1395 1625 nuno
1446 1571 1622 1624 Graeci
1669 1571 1969 1642 plurimum

246 1654 487 1707 utuntur,
514 1644 674 1695 etiam
716 1654 938 1714 utraque
970 1662 1152 1708 manu,
1189 1644 1398 1714 quoties
1437 1639 1841 1712 enthymemata
1873 1642 1965 1694 sua

245 1715 394 1786 gestu
432 1714 578 1768 velut
622 1713 1003 1767 corrotundant
1024 1724 1077 1767 ¹¹⁸.
1154 1715 1341 1768 Caefim
1386 1731 1576 1767 manus
1622 1712 1793 1766 lenior
1838 1730 1963 1786 pro-

300 1892 317 1910 θ
349 1887 630 1936 distinguendis
650 1887 698 1925 G.
808 1883 826 1910 f
850 1886 1073 1926 foventium
1085 1886 1189 1938 plur.
1209 1894 1270 1937 ap.
1290 1887 1420 1924 Burm.
1449 1884 1692 1924 fomentium
1713 1883 1834 1924 MSS.
1854 1884 1966 1925 Bodl-

250 1949 285 1979 et
303 1940 406 1979 Alm.
439 1941 540 1978 Unde
545 1941 686 1992 formes
692 1939 816 1991 fimile
834 1941 1068 1978 faventium.
1178 1946 1196 1970 8
1228 1941 1278 1979 Et
1296 1941 1315 1978 J
1321 1941 1399 1979 ens.
1510 1940 1530 1964 ¹¹
1561 1939 1684 1988 digito
1703 1938 1756 1978 id.
1859 1937 1869 1963 ¹
1898 1951 1969 1978 ve-

250 2003 377 2034 rentes
398 1994 448 2032 id.
559 1994 577 2018 ¹<
609 2004 826 2044 utrumque
845 1995 896 2032 G.
928 1993 1017 2032 Vid.
1036 1994 1088 2031 ad
1107 2006 1170 2042 10,
1191 1995 1232 2042 6,
1255 2003 1291 2042 7.
1399 1995 1411 2018 ¹
1443 1993 1667 2042 complexis
1686 1993 1736 2033 G.
1836 1996 1869 2017 ¹¹²
1901 1992 1968 2031 Sia

250 2048 341 2098 coaegj.
363 2048 504 2100 Astmfi
533 2056 568 2085 et
589 2047 714 2098 placet
741 2049 871 2085 Burm.
899 2059 1025 2086 cornu
1053 2048 1226 2086 tundant
1254 2049 1306 2086 G.
1327 2048 1457 2098 Kapp.
1488 2059 1614 2085 cornu
1643 2047 1821 2086 tundunt
1849 2045 1902 2085 al.
1931 2054 1968 2085 et

251 2103 382 2140 Burm.
411 2103 692 2139 corrotandum
710 2102 814 2140 Jens.
842 2101 1077 2140 corrutenda
1106 2103 1150 2141 V.
1175 2101 1220 2141 G.
1239 2102 1344 2142 Alm.
1379 2101 1624 2141 corrocunda
1650 2099 1748 2154 Vqffi
1770 2113 1806 2140 1.
1834 2111 1969 2140 corru-

251 2156 378 2195 tunda
396 2155 506 2194 velut
523 2154 599 2195 cesi
618 2155 668 2194 G.
690 2167 728 2195 2.

315 2310 416 2337 100.
440 2295 647 2350 pandam,
665 2293 798 2351 qualis
822 2293 1069 2336 voventium

252 2367 275 2395 e
309 2354 326 2405 ]
359 2353 594 2395 Pandatam
612 2367 780 2394 manum
801 2352 986 2408 intelligo
1007 2353 1069 2393 in-

286 2426 398 2452 exam
436 2410 588 2452 sursum
627 2425 651 2453 a
694 2410 891 2467 superiore
939 2418 1068 2467 parte,

255 2483 350 2524 quae
361 2468 463 2511 volae
478 2468 529 2510 est
542 2468 724 2525 opposita
735 2486 747 2521 3
758 2466 943 2524 pandari
962 2468 1070 2510 enim

254 2526 451 2567 dicuntur
468 2526 675 2575 animalia,
689 2540 865 2582 quorum
887 2525 998 2582 spina
1018 2525 1071 2566 ab

255 2598 375 2625 onere
401 2583 583 2626 deorsum
612 2584 827 2640 premitur,
848 2592 898 2624 ut
927 2583 1074 2626 circuli

258 2640 508 2698 segmentum
538 2641 674 2683 versus
702 2641 906 2698 superiora
933 2651 1074 2696 patens

259 2714 308 2741 ea
348 2697 606 2740 inclinatione
643 2698 858 2741 efficiatur.
920 2699 1074 2741 Utrum

261 2771 356 2798 vero
376 2755 425 2798 sic
445 2756 633 2811 pandata
653 2770 792 2798 manus
810 2755 1075 2807 «voventium,

261 2829 313 2856 an
331 2811 586 2867 foventium,
615 2827 665 2855 an
685 2813 935 2869 faventium
961 2814 1076 2856 deni·

260 2887 343 2928 que
380 2871 512 2928 gestus
553 2870 613 2921 fit,
647 2886 727 2913 non
766 2871 896 2912 habeo
924 2872 1075 2922 dicere,

262 2928 335 2972 nisi
355 2929 466 2985 quod
485 2928 656 2986 supinas
683 2943 828 2970 manus
859 2931 996 2984 potins
1025 2930 1077 2971 ad

263 3001 400 3044 preces
420 2995 461 3028 et
488 2994 592 3028 vota
617 2989 828 3042 pertinere,
851 2988 1080 3028 Horatiana

262 3045 438 3101 Phidyle
468 3044 587 3085 docet
617 3045 701 3086 Od.
741 3059 781 3096 3,
811 3059 881 3096 23,
909 3060 946 3086 1.
997 3047 1079 3086 Ve-

265 3118 355 3145 rum
392 3104 433 3144 in
462 3102 572 3147 votis
606 3116 686 3143 non
717 3101 946 3144 solennibus
977 3101 1092 3152 illis,·

265 3161 327 3202 sed
351 3163 392 3202 in
417 3159 702 3216 quotidianum
735 3160 953 3201 sermonem
976 3161 1079 3202 inci-—

264 3219 476 3266 dentibus,
505 3232 596 3258 eum
621 3219 822 3272 pandatae
850 3231 1009 3266 manus,
1041 3225 1083 3259 et

253 3274 617 3334 fiabsgffmtientium
636 3274 903 3324 humerorum,
923 3276 1080 3332 gestum

267 3334 468 3383 adhiberi,
493 3342 675 3388 apparet.

332 3407 429 3433 102.
460 3390 767 3442 corrotundant]
800 3390 850 3430 In
871 3388 1081 3446 enthyme-

266 3461 375 3493 mate
395 3447 491 3490 inest
513 3446 714 3497 colleStio,
734 3446 949 3497 conclusio,
970 3448 1081 3503 prin-

268 3509 367 3563 cipii
402 3505 541 3561 aliqua
576 3519 670 3546 cum
708 3505 786 3546 fine
819 3504 1080 3558 conjune‘ti03

268 3566 355 3607 haec
393 3565 534 3619 itaque
571 3561 750 3618 lignatus
788 3562 944 3604 circulo
977 3572 1094 3617 quo:

266 3623 379 3675 clam,
413 3634 536 3679 quem
573 3619 725 3663 format
765 3621 884 3664 index
921 3620 1082 3679 digitus

1149 2307 1321 2350 unguem
1354 2292 1525 2335 medium
1549 2294 1707 2349 fitmmo
1731 2292 1809 2350 suo
1835 2291 1972 2350 pollici

1139 2352 1334 2408 jungens.
1375 2351 1519 2394 Graeci
1539 2352 1671 2408 igitur
1688 2365 1736 2392 eo
1754 2350 1867 2408 gestu
1882 2365 1972 2394 cor-

1151 2410 1372 2452 rotundant
1398 2409 1716 2466 enthymemata,
1747 2408 1791 2450 h.
1821 2425 1859 2452 e.
1889 2407 1971 2466 fig-

1153 2467 1321 2510 nificant
1351 2466 1435 2524 ipso
1463 2467 1575 2524 gestu
1606 2467 1699 2517 λέξιν
1727 2468 1917 2520 ςρογγύλην
1934 2467 1968 2510 s.

1152 2527 1389 2574 rotundam,
1429 2539 1555 2581 quam
1599 2523 1766 2567 eandem
1804 2526 1974 2566 δικανικὴν

1154 2593 1274 2624 vocat
1297 2583 1469 2640 Dionys.
1493 2582 1633 2625 Halic.
1659 2582 1739 2635 neg}
1765 2582 1914 2622 Συνθέσ.
1935 2581 1968 2625 s.

1159 2655 1202 2693 7,
1221 2650 1323 2683 extr.
1345 2652 1384 2682 et
1405 2641 1535 2698 Lyfiae
1554 2640 1656 2683 alias
1676 2640 1842 2682 tribuit.
1865 2640 1972 2683 Haec

1156 2700 1334 2750 ζ’ξογγύλα
1359 2699 1506 2749 ῥήματα
1534 2698 1646 2756 apud
1665 2696 1882 2755 Aristoph·
1901 2697 1974 2740 A·

1158 2756 1298 2797 cham.
1332 2758 1433 2798 686.
1485 2757 1549 2798 Sic
1576 2754 1763 2812 displicet
1782 2755 1973 2810 Juvenali

1159 2815 1202 2862 6,
1223 2827 1326 2868 449,
1346 2823 1548 2864 matrona,
1570 2828 1663 2871 quae
1684 2814 1974 2871 Curvumser.

1156 2884 1268 2912 mone
1290 2879 1420 2914 rotato
1477 2871 1682 2929 ‘Torqueat
1705 2870 1971 2930 enthymema.

1983 1527 2056 1556 102

1159 2929 1458 2972 Cor-rotundare
1499 2931 1644 2986 igitur,
1683 2930 1855 2971 verbum
1894 2929 1974 2972 Pe·
2047 2969 2053 2979 ,

1157 2987 1290 3028 tronio
1309 2988 1430 3029 etiam
1462 2998 1501 3029 et
1531 2989 1689 3029 Senecae
1719 2987 1975 3044 usurpatum,

1159 3044 1212 3085 est
1251 3047 1553 3098 συςρσγγυλίζειν.’
1609 3047 1729 3087 Certe
1767 3046 1854 3088 haec
1888 3061 1975 3088 me-

1159 3100 1254 3150 lius,
1272 3113 1389 3158 puto,
1409 3102 1709 3161 intelliguntur,
1728 3117 1853 3159 quam
1872 3104 1977 3161 quid

1160 3158 1206 3201 sit
1243 3158 1537 3217 entlgymemata
1567 3163 1653 3219 sua
1689 3161 1809 3203 velut
1853 3176 1977 3204 cornu

1159 3216 1279 3271 caestm
1312 3218 1493 3261 tundere.
1542 3219 1682 3276 Ipsum
1717 3220 1851 3276 primo
1882 3227 1976 3262 tun-

1159 3275 1256 3316 dere
1284 3274 1577 3335 entlgymemata
1600 3278 1686 3335 βαι
1719 3290 1800 3319 non
1834 3277 1977 3334 potest,

1162 3332 1297 3382 credo,
1336 3333 1572 3390 significare,
1612 3342 1747 3392 petere
1793 3335 1978 3378 adversa-

1161 3391 1272 3443 rium
1292 3393 1623 3449 enthymematis.
1647 3393 1807 3435 Deinde
1825 3393 1977 3450 gestus,

1164 3463 1285 3503 quem
1306 3449 1434 3505 signat
1455 3451 1627 3500 Fabius,
1647 3450 1751 3494 nihil
1773 3451 1913 3501 habet,
1934 3451 1978 3493 in

1164 3520 1248 3561 quo
1285 3507 1475 3549 tundendi
1506 3508 1694 3564 quaedam
1728 3510 1868 3565 imago
1900 3507 1998 3552 fitz'

1164 3563 1288 3605 habet
1320 3566 1532 3607 rotundum
1565 3565 1664 3621 quid
1704 3576 1744 3607 et
1777 3565 1978 3619 conclqfio-

1164 3636 1270 3665 nem.
1315 3623 1504 3681 Denique
1532 3624 1603 3667 nisi
1632 3638 1752 3666 caetm
1779 3624 1831 3667 ad
1849 3638 1897 3667 ea
1915 3637 1977 3667 re-
