2320 4030
557 320 836 370 INSTIT.
873 321 1218 371 ORATOR.
1254 322 1395 370 LIB.
1430 323 1520 372 XI.
1554 339 1603 384 3.
1869 324 1963 388 267

242 453 509 509 claudicet
528 465 569 509 ¹¹.
645 456 891 510 Secunda
913 458 1135 511 varietas
1170 457 1258 523 est,
1285 476 1406 528 quae
1429 467 1452 490 Χ
1490 455 1696 510 solumz
1733 458 1802 510 est
1839 477 1965 531 pro-

149 536 224 590 44
244 526 527 581 nuntiatio,
589 527 675 580 Ac
701 547 766 580 ne
792 529 912 599 quis
935 547 1172 600 pugnare
1197 528 1334 581 inter
1359 527 1408 580 se
1431 539 1583 599 putet
1605 529 1967 598 aequalitatem

241 608 300 648 et
326 597 630 651 varietatem
652 619 668 663 3
707 617 831 651 cum
867 599 946 650 illi
971 600 1155 651 virtuti
1180 599 1501 652 contrarium
1532 598 1591 650 fit
1613 598 1803 651 vitium
1831 600 1966 653 inae-

238 667 488 736 qualitas,
528 668 674 733 huie,
713 670 807 740 qui
849 669 1047 722 dicitur
1088 669 1336 736 μονοειδὴς,
1378 669 1519 740 quafi
1563 668 1781 740 quidam
1825 690 1966 724 unus

236 737 499 809 aspe&u3.
571 742 675 791 Ars
700 758 857 810 porro
882 739 1114 792 variandi
1139 758 1264 792 cum
1301 740 1524 810 gratiam
1550 740 1766 810 praebet,
1791 758 1852 793 ac
1878 760 1964 794 re-

241 819 404 862 novat
426 827 595 876 aures,
623 821 739 862 tum
764 811 1032 863 dicentem
1058 810 1165 880 ipsa
1187 810 1383 863 laboris
1408 809 1706 863 mutatione
1721 819 1741 841 ²
1764 811 1961 865 reficit:

245 896 330 932 UT
372 880 556 946 standi,
583 881 910 947 ambulandi,
937 880 1167 946 sedendi,
1195 880 1414 952 jacendi
1455 881 1596 934 vices
1632 880 1770 946 sunt,
1798 881 1963 935 nihil-

146 959 216 1014 45
242 969 349 1021 que
387 968 574 1004 eorum
611 953 719 1022 pati
759 971 929 1005 unum
967 952 1062 1005 diu
1094 952 1386 1023 possumus,
1460 951 1603 1004 Illud
1629 970 1750 1004 vero
1785 953 1959 1004 maxi-

231 1039 412 1086 mum,
457 1021 566 1089 (sed
604 1023 660 1074 id
700 1021 880 1094 paullo
919 1024 1031 1095 post
1067 1022 1437 1091 trastabimus)
1483 1021 1629 1095 quod
1670 1023 1962 1077 secundum

233 1091 497 1146 rationem
533 1112 727 1158 rerum,
749 1093 816 1146 de
852 1095 1048 1165 quibus
1082 1093 1330 1159 dicimus,
1361 1094 1767 1164 animorumque
1803 1094 1960 1147 habi-

239 1174 347 1228 tus,
372 1163 749 1217 conformanda
764 1166 788 1198 ¹³
811 1183 916 1218 vox
936 1165 1027 1230 est,
1058 1183 1123 1216 ne
1148 1165 1214 1217 ab
1241 1165 1478 1218 oratione
1501 1165 1783 1218 discordet.
1859 1165 1957 1219 Vi·-

240 1244 440 1288 temus
463 1235 631 1307 igitur
677 1235 845 1301 illam,
887 1254 1006 1306 quae
1055 1238 1244 1288 Graece
1292 1235 1530 1304 μονοτονία
1576 1247 1812 1302 vocatur,
1854 1254 1961 1289 una

238 1305 485 1375 quaedam
508 1316 526 1337 ²
563 1305 773 1378 spiritus
809 1325 871 1360 ac
906 1307 1016 1359 soni
1052 1305 1317 1359 intentio:
1357 1323 1464 1358 non
1501 1305 1667 1359 solum
1707 1324 1775 1360 ne
1810 1306 1957 1360 dica-

238 1395 359 1429 mus
399 1377 579 1430 omnia
620 1377 863 1443 clamose,
906 1377 1055 1450 quod
1085 1378 1327 1430 insanum
1364 1377 1479 1428 estd
1499 1396 1515 1441 3
1569 1388 1663 1430 aut
1701 1376 1838 1430 intra
1874 1378 1958 1431 lo-

235 1447 436 1518 quendi
475 1448 720 1513 modum,
745 1447 889 1518 quod
932 1460 1086 1501 motu
1128 1458 1341 1513 caret⁶3
1391 1457 1484 1500 aut
1523 1448 1770 1500 submiffo
1807 1467 1955 1504 mur-

141 1518 214 1583 46
242 1536 408 1584 mure,
434 1538 542 1590 quo
565 1520 727 1572 etiam
752 1519 1061 1572 debilitatur
1083 1520 1259 1572 omnis
1285 1518 1516 1571 intentio
1540 1538 1553 1570 :
1592 1519 1683 1572 sed
1708 1531 1767 1572 ut
1792 1519 1846 1571 in
1874 1520 1958 1573 iis-

238 1588 377 1642 dem¹
412 1591 649 1660 partibus
690 1590 982 1662 iisdemque
1028 1589 1302 1643 affeetibus
1345 1590 1444 1642 sint
1490 1600 1667 1642 tamen
1709 1592 1958 1661 quaedam

238 1678 345 1713 non
372 1660 447 1714 ita
473 1680 685 1732 magnae
711 1662 855 1714 vocis
892 1661 1274 1715 declinationes
1292 1661 1328 1726 f,
1355 1672 1512 1732 prout
1546 1670 1640 1713 aut
1674 1662 1955 1716 verborum

196 1739 200 1743 '
236 1730 491 1803 dignitaS,
519 1745 612 1785 aut
636 1733 1010 1785 sententiarum
1048 1742 1252 1798 natura,
1277 1743 1371 1785 aut
1399 1731 1654 1803 depositio
1673 1740 1712 1796 ἕ,
1739 1743 1832 1786 aut
1869 1733 1953 1785 in-

235 1819 299 1854 ce
337 1802 434 1868 tio,
459 1814 551 1857 aut
573 1804 814 1856 transitus
839 1804 1123 1874 postulabit
1145 1824 1158 1856 :
1203 1821 1286 1855 UT
1310 1802 1405 1874 qui
1430 1802 1648 1873 fingulis
1672 1803 1957 1873 pinxerunt

234 1821 663 1942 colbribuffiolia
700 1886 876 1927 tamen
918 1874 1287 1940 eminentiora,
1326 1873 1426 1926 alia
1471 1873 1770 1927 reduetiora
1809 1875 1952 1928 fece-

221 1954 377 2009 runt,
404 1945 508 1999 fine
531 1963 641 2017 quo
666 1965 734 1998 ne
757 1947 1012 1998 membris
1038 1944 1255 2017 quidem
1279 1945 1301 1978 ¹¹
1338 1945 1454 1997 suas
1490 1944 1659 1996 lineas
1683 1944 1953 2000 dedissent.

137 2026 205 2083 47
219 2016 592 2087 ..Proponamus
615 2017 759 2070 enim
784 2017 937 2070 nobis
974 2017 1108 2070 illud
1136 2017 1412 2070 Ciceronis
1448 2015 1503 2067 in
1528 2015 1768 2068 oratione
1794 2018 1949 2070 nobi-

230 2085 417 2139 liffima
453 2106 548 2158 pro
592 2087 1178 2159 Milone-principium,
1223 2105 1400 2139 nonne
1444 2085 1512 2138 ad
1552 2086 1778 2159 fingulas
1817 2107 1954 2159 pene

231 2157 607 2224 distinetioneS,
633 2160 874 2230 quamvis
899 2159 954 2211 in
983 2159 1167 2211 eadem
1202 2158 1361 2223 facie,
1388 2167 1563 2209 tamen
1601 2158 1741 2228 quasi
1775 2160 1953 2213 vultus

231 2229 516 2282 mutandus
543 2231 612 2282 est
634 2233 650 2282 ?
694 2231 810 2300 Efsi
828 2230 1244 2301 vereor-,judiceg
1269 2250 1330 2282 ne
1355 2239 1496 2300 turpe
1504 2229 1601 2298 sit,
1618 2239 1712 2298 pro
1727 2229 1951 2301 fbrlff·

139 2299 209 2365 48
233 2319 304 2351 mo
340 2301 452 2352 viro
477 2302 635 2353 dicere
668 2301 973 2374 incipientem
1010 2303 1196 2354 timere.
1270 2299 1481 2352 Etiamsi
1519 2300 1590 2352 est
1615 2309 1731 2352 toto
1755 2319 1950 2372 propo-

232 2371 325 2423 fito
359 2372 686 2424 contractum
723 2385 882 2444 atque
918 2372 1243 2437 submiffurn,
1271 2371 1398 2442 quia
1430 2369 1515 2422 eti
1547 2370 1824 2424 exordium
1858 2373 1949 2438 est,

230 2452 288 2494 et
330 2441 518 2495 soliciti
563 2443 877 2497 exordium:
936 2454 1113 2496 tamen
1153 2441 1331 2507 fuerit,
1370 2440 1570 2494 necesse
1619 2442 1707 2506 est,
1747 2443 1951 2514 aliquid

230 2511 440 2583 plenius
473 2525 527 2567 et
563 2514 813 2580 ereRiuS,
837 2514 967 2568 dum
998 2514 1148 2580 dicit,
1179 2515 1277 2566 Pro
1299 2511 1567 2585 jorti'ffimo
1601 2512 1710 2565 viro
1729 2513 1761 2579 ¹,
1789 2533 1957 2586 quam¹

287 2685 307 2705 ¹¹
339 2681 466 2721 sermo
484 2682 551 2735 ins:
572 2682 623 2722 id.

232 2737 455 2774 mutatione
471 2737 577 2776 Jens.

231 2797 251 2818 e
279 2803 346 2827 om.
367 2789 418 2828 id.
569 2788 585 2814 f
609 2788 920 2829 declamationes
938 2791 990 2831 id.

231 2841 242 2870 ³
272 2857 342 2883 om.
358 2843 465 2883 Jens.
573 2841 583 2868 ¹
615 2844 743 2884 dicere
761 2843 827 2897 iaegfi
847 2844 898 2883 id.

760 2687 782 2710 Χ
810 2683 918 2732 quod
937 2682 987 2722 G.
1006 2682 1111 2721 Jens.
1241 2679 1279 2710 2'
1293 2680 1372 2719 sola
1392 2681 1442 2720 G.
1464 2687 1572 2729 rcere,
1589 2690 1691 2735 puto.
1729 2704 1732 2708 ·

687 2733 704 2760 δ
736 2737 1014 2776 confirmanda
1031 2738 1083 2776 G.
1101 2736 1206 2776 Jens.
1316 2740 1331 2758 Ε
1361 2737 1525 2785 quidem
1545 2737 1597 2775 G.

1134 2796 1154 2820 ὅ
1186 2787 1383 2840 dispositio
1403 2790 1454 2829 G.

1818 2689 1837 2711 ²
1866 2696 1952 2733 per-

1704 2735 1723 2765 =‘¹
1754 2751 1824 2776 om.
1843 2738 1949 2778 Jens.

1609 2789 1629 2818 Β
1659 2791 1824 2840 quidam
1842 2791 1948 2832 Jens.

287 2992 363 3031 43.
401 2992 487 3035 quae
507 2977 639 3036 Jblum
669 2978 722 3035 est
744 2978 1043 3034 pronuntiatio]

230 3037 375 3092 Neque
393 3039 501 3078 enim
530 3037 792 3094 pronuntiare
810 3037 924 3079 dicas
946 3052 1044 3094 pue-

229 3109 340 3143 rum,
374 3104 422 3136 ut
459 3094 536 3137 hoc
577 3105 755 3144 utamur,
790 3109 873 3136 uno
911 3104 1045 3137 tenore

228 3152 401 3209 syllabas
417 3166 556 3194 omnes
569 3151 679 3208 quasi
695 3153 1043 3196 adnumerantem.

228 3212 438 3253 Caeterum
457 3210 569 3266 quod
586 3209 818 3267 aequalitate
835 3221 875 3252 et
893 3209 1045 3253 varie-

225 3275 317 3310 tate
334 3267 426 3310 finit
446 3269 600 3310 Fabius
615 3268 958 3324 pronuntiationis
977 3283 1044 3311 ra-

227 3329 399 3375 tionem,
417 3325 458 3368 id
480 3325 539 3367 illi
562 3325 778 3382 praesertim
794 3326 1043 3382 probabunt,

227 3385 302 3439 qui
332 3384 383 3426 ad
418 3382 691 3441 perfectioniS,
711 3383 1044 3439 pulchritudinis-

227 3456 310 3497 que
342 3442 442 3484 adeo
472 3442 677 3484 notionem
712 3440 829 3483 illum
859 3440 1045 3500 diverso-

227 3514 321 3546 rum
338 3499 555 3556 confinsum
575 3497 770 3541 refemnt.

284 3561 360 3615 46.
380 3556 574 3616 depositio,
593 3564 664 3603 au}
682 3554 869 3616 inceptio]
892 3556 1044 3602 Malim

1127 2976 1373 3035 transpositis
1392 2979 1544 3030 verbis,
1565 2978 1676 3036 quod
1699 2978 1855 3022 solenne
1875 2980 1950 3022 ad-

1127 3036 1296 3078 modum
1313 3036 1492 3079 librariis
1523 3038 1566 3080 in
1591 3039 1665 3079 hoc
1685 3039 1810 3079 etiam
1830 3053 1949 3094 opere

1127 3091 1226 3143 fuit,
1255 3092 1404 3151 legere,
1436 3093 1603 3151 inceptio
1639 3102 1713 3136 aut
1749 3095 1942 3151 depositio,

1127 3152 1247 3193 Hanc
1276 3153 1385 3195 enirn
1419 3152 1520 3192 θέσιν
1553 3152 1755 3208 intelligo,
1777 3168 1871 3195 cum
1894 3154 1947 3195 ad

1126 3208 1248 3251 finem
1270 3209 1464 3254 sententia
1483 3224 1563 3253 non
1589 3209 1660 3252 illa
1690 3210 1857 3265 quidem
1878 3226 1947 3253 eo·

1111 3267 1218 3317 ,dem
1238 3266 1355 3324 plane
1381 3277 1516 3310 tenore
1546 3266 1767 3325 profertur,
1790 3269 1852 3310 sed
1873 3282 1946 3312 nec

1126 3326 1425 3382 praecipitatur,
1447 3326 1510 3368 sed
1537 3325 1745 3367 moderato
1765 3327 1946 3383 quodam

1124 3382 1231 3424 flexu
1252 3392 1290 3424 et
1313 3383 1574 3427 inclinatione
1591 3381 1813 3439 deponitur.
1844 3383 1943 3426 Cla-

1125 3454 1221 3482 rum
1253 3440 1306 3483 est
1340 3441 1417 3486 hoc
1448 3457 1500 3487 ‚ex
1529 3439 1559 3482 s.
1586 3444 1655 3493 38,
1676 3440 1882 3496 deponam,
1903 3449 1946 3484 et

1113 3497 1324 3614 fmorabor,
1343 3508 1383 3544 et
1401 3513 1556 3544 novum
1575 3499 1714 3556 rursus
1732 3499 1942 3543 exordium

1145 3569 1300 3602 actam.
