2320 4030
633 346 915 396 INSTIT.
949 347 1284 397 ORATOR.
1320 348 1459 399 ΜΒ.
1492 350 1581 398 xr.
1617 366 1665 411 3.
1904 362 2002 418 275

283 480 507 548 nudant,
534 491 588 535 et
621 483 678 535 in
705 483 844 536 latus
868 502 930 536 ac
965 502 1097 555 pene
1133 483 1202 536 ad
1225 501 1403 536 aurem
1441 484 1738 548 trahuntur,
1765 492 1819 538 et
1852 486 1999 540 velut

282 553 512 623 quodam
555 553 761 607 fastidio
798 555 1133 625 replicantur,
1171 565 1226 606 et
1268 554 1521 624 pendent,
1554 565 1609 608 et
1646 574 1831 608 vocem
1874 569 1995 610 tan-

282 635 400 676 tum
427 624 586 677 altera
609 637 758 696 parte
782 625 1078 678 dimittunt.
1150 626 1411 678 Lambere
1435 643 1649 696 quoque
1686 645 1746 677 ea
1770 637 1824 679 et
1849 646 1997 686 mor·-

211 694 214 697 “
283 694 427 759 dere,
454 695 691 748 deforme
727 697 796 748 est
821 716 833 747 ε
874 714 998 748 cum
1035 696 1194 748 etiam
1232 695 1285 747 in
1312 695 1598 749 efficiendis
1624 698 1795 749 verbis
1821 699 1997 750 modi-

282 783 379 818 cus
422 784 608 819 eorum
644 765 741 818 effe
778 766 970 818 debeat
1006 778 1204 820 motus.
1276 768 1386 820 Ore
1422 768 1566 819 enim
1606 767 1797 838 magiS‚
1835 788 1999 839 quam

198 831 461 902 821abri3‚
501 837 826 907 loquendum
866 838 954 889 est.
1030 837 1305 902 Cervicem
1344 839 1541 891 rectam
1565 849 1584 871 ἃ
1624 849 1836 910 oportet
1877 839 1995 903 effe,

281 925 388 959 non
425 907 654 978 rigidam
692 918 784 960 aut
819 906 1071 978 supinam.
1150 908 1366 962 Collum
1402 909 1601 961 diversa
1635 909 1870 981 quidem,
1907 910 1999 963 sed

278 978 390 1048 pari
427 977 764 1031 deformitate
799 981 895 1031 etb
938 979 1282 1044 contrahitur,
1318 988 1374 1032 et
1414 980 1686 1032 tenditur:
1725 979 1812 1032 sed
1850 981 1998 1034 tenso

277 1048 447 1101 subest
484 1059 540 1102 et
575 1049 741 1115 labor,
774 1059 1131 1121 tenuaturque
1169 1069 1273 1104 vox
1310 1069 1372 1102 ac
1414 1050 1686 1122 fatigatur.
1759 1051 1996 1104 Affixum

278 1119 476 1190 pectori
514 1131 778 1185 mentum,
815 1122 994 1173 minus
1029 1121 1241 1186 claram,
1278 1132 1334 1174 et
1371 1123 1510 1192 quasi
1550 1121 1790 1174 latiorem
1830 1123 1997 1193 preffo

198 1187 261 1259 83
278 1201 497 1262 gutture
534 1191 679 1244 facit.
754 1193 1114 1244 Humerorum
1160 1211 1275 1245 raro
1318 1192 1512 1244 decens
1550 1192 1793 1246 allevatio
1835 1203 1996 1264 atque

279 1262 571 1314 contractio
590 1273 609 1295 ⁶
638 1263 727 1315 est.
803 1263 1074 1315 Breviatur
1097 1264 1242 1315 enim
1275 1263 1469 1327 cervix,
1498 1274 1552 1315 et
1573 1263 1776 1334 gestum
1802 1282 1994 1334 quem-

278 1331 398 1384 dam
433 1332 689 1384 humilem
727 1344 894 1404 ⁴atque
929 1333 1186 1398 servilem,
1213 1344 1268 1387 et
1305 1334 1444 1406 quafi
1481 1333 1878 1386 fraudulentum
1911 1333 1993 1386 fa-

278 1403 373 1469 cit,
402 1422 527 1456 cum
564 1405 615 1455 se
654 1405 709 1455 in
746 1403 988 1456 habitum
1018 1404 1365 1469 -adulationiS‚
1403 1404 1782 1469 admirationiS,
1815 1416 1996 1457 metus

194 1472 266 1540 84
280 1474 506 1546 fingunt.
581 1475 791 1527 Brachii
819 1475 1087 1527 moderata
1111 1476 1365 1548 projectio
1390 1476 1605 1528 remiffis
1630 1475 1884 1541 humeriS,
1911 1487 1995 1528 at-

277 1563 384 1617 que
421 1545 809 1618 explicantibus
846 1545 897 1598 se
939 1545 994 1597 in
1035 1546 1346 1617 proferenda
1379 1565 1543 1598 manu
1579 1546 1784 1618 digitis,
1818 1548 1994 1599 conti-

276 1633 413 1668 nuos
448 1628 503 1669 et
542 1617 880 1669 decurrentes
913 1616 1060 1669 locos
1097 1617 1325 1670 maxime
1356 1618 1528 1671 decet.
1601 1619 1680 1669 At
1718 1636 1841 1669 cum
1877 1617 1993 1689 spe-

276 1686 465 1741 ciofius*
489 1688 621 1759 quid
655 1687 971 1759 uberiusque
989 1689 1011 1720 ‘¹
1036 1688 1322 1740 dicendum
1359 1691 1448 1754 est,
1474 1699 1535 1740 ut
1558 1688 1714 1754 illud,
1744 1689 1883 1741 Saxa
1908 1700 1993 1742 at-

222 1803 225 1806 ,
277 1778 368 1831 que
386 1758 684 1830 solitudines
719 1759 827 1811 voci
863 1759 1163 1831 respondent,
1190 1759 1506 1829 exspatiatur
1539 1760 1592 1812 in
1618 1759 1777 1824 latuS,
1805 1770 1860 1812 et
1888 1760 1997 1831 ipsa

196 1829 261 1899 85
317 1829 676 1883 uodammodo
707 1829 758 1882 se
801 1849 924 1882 cum
969 1831 1119 1902 gestu
1148 1829 1334 1883 fundit
1357 1831 1542 1883 oratic.
1616 1831 1816 1883 Manus
1849 1849 1993 1896 vem,

279 1849 383 1952 Rue
405 1901 600 1972 quibus
625 1912 813 1954 trunca
842 1900 966 1952 effet
999 1901 1138 1954 actio
1163 1920 1224 1954 ac
1245 1912 1264 1932 ⁸
1302 1901 1512 1967 debilis,
1537 1901 1625 1954 vix
1663 1901 1768 1954 dici
1806 1903 1995 1972 potest,

279 1983 416 2044 quot
453 1984 632 2025 motus
664 1972 914 2037 habeant,
951 1991 1075 2024 cum
1110 1991 1246 2044 pene
1278 1973 1439 2042 ipsam
1478 1974 1752 2025 verborum
1787 1973 1996 2043 copiam

316 2043 673 2115 ersequantur.
747 2045 891 2096 Nam
933 2053 1122 2096 ceterae
1164 2055 1337 2114 partes
1371 2043 1680 2114 loquentem
1724 2043 1996 2114 adjuvant,

197 2116 264 2170 86
278 2061 366 2166 iiae
410 2119 596 2187 (prope
626 2115 738 2167 estf
771 2125 836 2168 ut
869 2114 1066 2181 dicam)
1098 2115 1218 2186 ipsae
1250 2114 1562 2185 loquuntur.
1635 2115 1723 2166 An
1763 2132 1870 2167 non
1912 2115 1998 2168 his

277 2185 579 2256 poscimus?
608 2185 956 2257 pollicemur?
987 2187 1273 2238 vocamus?
1302 2185 1659 2237 dimittimus?
1688 2185 1993 2239 minamur?

277 2256 631 2328 supplicamus
658 2261 676 2310 ?
735 2257 1102 2310 abominamur
1129 2259 1146 2308 ?
1207 2257 1457 2308 timemus
1487 2258 1505 2308 ?
1564 2256 1994 2328 interrogamus?

278 2346 539 2400 negamus
553 2330 615 2380 Η
656 2327 935 2399 gaudium,
962 2329 1245 2393 tristitiam,
1280 2327 1688 2388 dubitationem,
1721 2327 1997 2382 confeffio-

279 2399 842 2482 nem,'poenitentiam‚
878 2399 1120 2466 modum,
1157 2398 1386 2470 copiam,
1425 2417 1727 2462 numerum,
1765 2409 1997 2470 tempuS,

197 2473 262 2542 87
281 2470 640 2541 ostendimus?
696 2472 828 2524 Non
866 2469 1064 2523 eaedem
1107 2471 1416 2523 concitant?
1466 2469 1795 2540 supplicant?
1852 2469 1998 2522 inhi-

281 2542 439 2595 bent?
469 2542 726 2613 probant?
758 2541 1110 2594 admirantur?
1142 2540 1597 2594 verecundantur?
1629 2540 1755 2592 Non
1773 2539 1794 2572 ¹¹
1819 2540 1874 2592 in
1901 2541 1999 2594 de-

280 2612 628 2666 monstrandis
663 2612 796 2666 locis
822 2623 984 2684 atque
1010 2612 1238 2684 personis
1274 2611 1645 2664 adverbiorum
1683 2621 1842 2680 atque
1876 2629 1999 2682 pro-

280 2684 558 2736 nominum
585 2684 829 2737 obtinent
850 2684 1023 2737 vicem
1049 2685 1066 2736 ?
1108 2694 1172 2736 ut
1194 2683 1248 2735 in
1276 2682 1453 2737 tantai
1487 2700 1577 2753 per
1601 2699 1786 2734 omnes
1809 2693 2002 2752 gentes

281 2754 619 2826 nationesque
658 2754 859 2827 linguae
902 2753 1194 2808 diversitate
1233 2753 1322 2806 hic
1359 2753 1494 2808 mihi
1534 2753 1775 2805 omnium
1821 2753 1999 2806 homi-

199 2828 266 2881 88
284 2844 415 2878 num
454 2826 756 2880 communis
793 2826 960 2878 sermo
998 2825 1253 2879 videatur.
1328 2826 1404 2877 Et'
1433 2824 1471 2877 ii
1510 2823 1748 2896 quidem,
1775 2823 1841 2877 de
1874 2825 2000 2895 qui-

283 2897 386 2950 bus
431 2898 547 2950 sum
590 2896 822 2963 locutuS,
868 2915 991 2949 cum
1035 2897 1153 2968 ipsis
1194 2895 1415 2948 vocibus
1460 2894 1766 2947 naturaliter
1806 2907 2003 2947 exeunt

282 2968 494 3039 gestus:
554 2967 644 3020 alii
682 2968 819 3034 sunt,
862 2968 953 3038 qui
990 2986 1073 3020 res
1111 2966 1407 3020 imitatione
1452 2965 1775 3046 significant:
1828 2975 1891 3018 ut
1930 2967 2002 3018 fi¹

285 3051 518 3110 aegrurn,‘
537 3038 791 3092 tentantis
814 3056 972 3094 venas
1008 3037 1207 3092 medici
1242 3036 1601 3103 fimilitudme,
1628 3046 1719 3089 aut
1753 3035 2002 3088 citharoe-

339 3175 356 3217 ἕ
389 3192 559 3233 erectam
577 3194 681 3233 Jens.
795 3166 829 3219 ’Β
859 3208 928 3233 om.
946 3194 1052 3232 Jens.
1179 3198 1195 3218 ⁰
1229 3189 1488 3232 contradictio
1507 3191 1559 3230 G.
1722 3189 1741 3215 ‘¹
1766 3177 1931 3230 'uberius
1951 3192 2005 3231 id.

283 3250 304 3326 ἶ
327 3247 489 3340 fgtjetxcxls
626 3246 644 3272 f
670 3246 832 3287 suntid.
967 3253 986 3278 ⁸
1018 3261 1086 3287 om.
1104 3247 1211 3287 Jens.
1343 3244 1366 3276 ἢ
1393 3256 1529 3284 nonne
1549 3244 1602 3284 id.
1765 3243 1775 3268 ἰ
1809 3255 1932 3284 cantu
1952 3245 2003 3286 G.

348 3437 422 3477 81.
451 3447 595 3477 vocem
627 3441 787 3478 tantum
820 3433 956 3478 altera
980 3441 1106 3491 parte
1186 3434 1290 3476 tiore
1308 3432 1470 3476 fumum
1491 3432 1643 3476 efflant.

286 3491 515 3546 dimittunt]
550 3492 773 3535 Imitantur
792 3492 869 3534 hoc
889 3492 998 3549 gestu
1019 3507 1106 3542 eos,
1247 3495 1319 3543 84.
1353 3494 1474 3533 Saxa
1505 3500 1628 3548 atque
1647 3487 1902 3549 solitudines]
1940 3492 2009 3536 Ex

289 3550 365 3605 qui
397 3549 525 3592 altero
556 3548 761 3592 labiorum
794 3550 948 3608 angulo
979 3549 1107 3592 tubu-
1190 3550 1268 3592 Or.
1291 3564 1366 3607 pro
1384 3549 1521 3594 Arch.
1543 3564 1583 3592 c.
1608 3551 1651 3591 8.

291 3605 380 3650 lum
408 3615 547 3651 tenent
575 3607 823 3661 Nicetianae‚
844 3607 970 3652 altero
994 3620 1109 3666 aper·

1206 3678 1292 3720 '1⁸2
