2268 4134
381 845 503 923 M.
549 842 867 923 FABII
926 838 1846 921 QUINCTILIANI

1073 1065 1154 1105 DE

456 1230 1196 1291 INSTITUTIONE
1253 1229 1777 1308 ORATORIA

783 1425 1012 1478 LIBER
1068 1424 1453 1475 OCTAVUS.

888 1670 1345 1716 PROOEMIUM.

259 1784 428 1874 HIS
455 1813 581 1881 fere,
610 1833 731 1886 quae
768 1813 822 1866 in
848 1813 1118 1885 proximos
1155 1813 1395 1894 quinque
1429 1812 1596 1868 libros
1628 1812 1822 1866 collata
1846 1812 1984 1882 sunt,

259 1887 397 1939 ratio
440 1885 746 1951 inveniendi,
788 1897 953 1957 atque
999 1885 1214 1938 inventa
1260 1885 1566 1958 dzsponendi,
1613 1885 1985 1939 continetur²z

259 1975 423 2037 quam
474 1968 538 2010 ut
583 1976 677 2028 per
723 1975 909 2009 omnes
950 1975 1200 2009 numeros
1243 1957 1457 2028 penitus
1498 1957 1838 2028 cognoscere,
1883 1957 1990 2010 bad

260 2032 518 2081 lummam
561 2027 796 2080 scientiae
834 2028 1173 2081 necessarium
1217 2029 1306 2093 est,
1334 2028 1409 2080 ita
1446 2027 1825 2098 incipientibus
1865 2028 1989 2081 bre-

211 2110 243 2151 2
261 2099 380 2152 vius
405 2118 466 2152 ac
493 2099 777 2170 simplicius
802 2099 938 2152 tradi
956 2110 974 2132 ⁰
1003 2099 1175 2170 magis
1202 2099 1471 2153 convenit4
1543 2099 1661 2151 Aut
1684 2099 1828 2151 enim
1855 2099 1994 2151 diffi-

262 2171 464 2224 cultate
488 2171 830 2224 institutionis
856 2183 964 2223 tam
991 2171 1311 2223 numerosaed
1334 2181 1494 2241 atque
1519 2171 1786 2242 perplexae
1811 2170 1990 2223 deter-

260 2242 362 2295 reri
386 2242 556 2295 solent
585 2263 597 2294 :
634 2253 727 2295 aut
762 2260 827 2295 eo
863 2253 1124 2314 tempore,
1158 2260 1270 2313 quo
1304 2242 1570 2313 praecipue
1606 2241 1795 2295 alenda
1830 2242 1989 2323 inge·-

262 2313 368 2377 nia,
394 2325 558 2386 atque
596 2312 936 2386 indulgentia
972 2313 1201 2385 quadam
1241 2312 1558 2366 enutrienda
1594 2314 1734 2378 sunt,
1759 2313 1989 2384 asperio-

262 2403 379 2437 rum
407 2385 632 2438 trac‘ffltu
670 2403 845 2438 rerum
887 2396 1219 2437 atteruntur:
1261 2395 1374 2450 aut,
1404 2384 1438 2435 fi
1477 2384 1597 2436 haec
1635 2384 1744 2436 sola
1782 2384 1991 2438 didice-

262 2455 370 2509 rint
390 2467 429 2523 θ,
456 2456 576 2508 satis
602 2456 652 2508 se
676 2455 743 2508 ad
769 2456 1130 2526 eloquentiam
1169 2455 1446 2508 instructos
1481 2454 1838 2509 arbitrantur:
1876 2468 1993 2523 aut,

263 2527 403 2598 quasi
445 2528 513 2580 ad
554 2538 723 2580 certas
758 2526 1008 2599 quasdam
1044 2526 1255 2578 dicendi
1291 2526 1441 2598 leges
1479 2526 1709 2598 alligati,
1736 2534 1993 2581 conatum

210 2610 242 2663 3
265 2616 479 2652 omnem
519 2598 886 2652 reformidant.
962 2598 1120 2651 Unde
1159 2598 1458 2651 existimant
1497 2597 1755 2664 accidiffe,
1790 2610 1871 2664 ut,
1900 2598 1996 2670 qui

264 2669 649 2742 diligentiffimi
675 2669 893 2722 Artium
919 2669 1196 2740 scriptores
1231 2669 1558 2735 exstiterunt,
1585 2670 1652 2722 ab
1690 2669 1996 2740 eloquentia

262 2739 562 2811 longiffime
586 2740 804 2793 fuerint.
877 2741 985 2794 Via
1018 2753 1197 2794 tamen
1226 2741 1456 2812 opusest
1480 2740 1880 2812 incipientibUS,
1906 2740 1996 2793 sed

264 2811 534 2882 eaplana,
561 2822 618 2864 et
652 2830 775 2865 cum
804 2811 872 2864 ad
909 2811 1343 2883 ingrediendum,
1369 2823 1486 2864 tum
1522 2811 1592 2864 ad
1633 2810 1993 2864 demonstran-

264 2881 395 2934 dum
435 2882 698 2954 expedita.
773 2884 957 2954 Eligat
995 2883 1177 2954 itaque
1217 2883 1418 2954 peritus
1460 2881 1551 2935 ille
1593 2894 1888 2956 praeceptor
1928 2901 1997 2936 ex

263 2954 518 3014 omnibus
542 2954 765 3025 optima,
791 2966 846 3007 et
870 2952 1042 3006 tradat
1074 2973 1138 3007 ea
1171 2953 1393 3007 demum
1426 2953 1481 3006 in
1516 2954 1809 3025 praesentia,
1834 2973 1957 3025 quae
1978 2954 1995 2986 f

266 3025 501 3096 placent,
527 3037 735 3078 remota
759 3024 1027 3078 refutandi
1050 3038 1225 3077 cetera
1257 3043 1429 3079 mora.
1504 3026 1814 3097 Sequuntur
1848 3025 1996 3078 enim

323 3195 339 3219 ⁸
373 3191 632 3231 continentur
646 3191 754 3231 Jens.
863 3190 882 3216 ¹²
913 3191 1039 3244 etius.
1059 3189 1112 3229 id.
1243 3195 1262 3215 θ
1294 3205 1363 3230 om.
1385 3191 1435 3230 G.
1556 3191 1579 3223 d
1606 3192 1871 3231 innumerosae
1888 3192 1995 3234 Jens.

267 3247 283 3269 ⁶
317 3244 541 3284 didicerunt
558 3246 612 3284 G.
630 3246 737 3284 Jens.
848 3243 866 3270 f
893 3257 984 3297 quae
1003 3245 1164 3296 placent
1183 3259 1252 3286 om.
1273 3247 1325 3285 G.
1344 3245 1520 3296 necjbrte
1537 3245 1645 3284 male.

332 3408 373 3446 3.
413 3392 468 3436 ab
503 3393 726 3451 eloquentia
760 3394 988 3450 longifflme]
1026 3396 1088 3438 Ut
1170 3395 1336 3454 regnat)
1359 3394 1616 3445 accuratior3
1645 3394 1748 3452 saepe
1766 3394 1998 3438 eonomine

268 3463 413 3496 contra
436 3452 691 3508 eloquentior
720 3454 884 3511 est'ipse
913 3455 1088 3507 Fabius,
1171 3454 1430 3511 reprehensus
1461 3468 1485 3498 a
1524 3452 1675 3503 Voffio,
1712 3453 1788 3510 qui
1821 3453 1997 3497 dicendo

261 3518 398 3566 ¹qumn
431 3510 473 3551 in
506 3514 824 3567 praeceptionum
856 3513 981 3554 Artis
1011 3514 1091 3554 rni-
1173 3525 1384 3569 nunquam
1416 3509 1605 3568 profesto
1619 3524 1715 3553 cum
1736 3510 1808 3553 illo
1828 3522 1996 3556 conten·

270 3576 464 3609 nutarum
504 3563 831 3625 subtilitate'fin
863 3571 927 3612 his
966 3571 1090 3619 enim,
1169 3570 1303 3613 disset.

273 3639 364 3680 quae
386 3626 541 3667 stimma
563 3629 652 3668 sunt
675 3639 713 3672 et
734 3628 953 3678 naturalia,
974 3628 1092 3692 plane

345 3698 488 3734 VOL.
524 3701 602 3735 11.
1246 3701 1283 3738 Β
