2320 4030
351 301 453 365 138

762 298 840 351 M.
875 276 1077 349 FAssn
1113 256 1688 348 <ammomum
1718 309 1721 311 ,

346 443 538 490 contra
578 438 725 507 (nam
759 435 1092 509 frequentius
1128 447 1248 490 utar
1282 434 1466 488 iisdem
1499 432 1818 487 diversarum
1848 428 2066 506 quo'que

347 526 528 562 rerum
550 507 826 590 exempliS,
852 526 963 581 quo
986 508 1084 560 fint
1106 507 1279 579 magis
1303 505 1601 572 familiaria)
1634 505 1774 558 Saxa
1806 514 1953 576 atque
1969 507 2063 576 so-

346 577 581 632 litudines
603 599 715 645 voci
737 581 1042 652 rcffpondent,
1069 578 1228 649 bqstiae
1282 589 1387 660 aepe
1414 578 1645 628 immanes
1668 586 1821 629 cantu
1837 575 2063 647 fleHun·

347 660 452 715 tur,
477 661 626 724 atque
645 650 770 722 ⁶⁰⁷}st
805 660 915 704 unt.
987 650 1172 721 Magis
1203 649 1220 702 i
1273 656 1294 677 0
1326 648 1650 719 msurgcbat,
1676 648 1710 699 fi
1737 656 2060 700 verteretur:
2082 657 2152 717 45

346 740 470 774 nam
495 732 518 764 Ρ
556 722 678 793 plus
715 739 744 774 e
789 761 812 786 ⁷
829 723 991 793 fizxa,
1018 740 1177 792 quam
1218 718 1388 790 bestias
1411 719 1732 772 commoveri.-
1771 717 1940 772 vicit‘¹
1981 727 2064 770 ta-

345 811 471 846 men
511 792 903 863 compositionis
937 791 1117 844 decor.
1189 791 1297 843 Sed
1336 791 1658 843 transeamus
1692 790 1758 842 ad
1794 807 2064 842 numeros,

349 864 547 917 Omnis
569 861 831 934 struc‘z'ura
855 881 917 916 ac
942 862 1167 932 dimensio
1191 872 1247 914 et
1284 861 1521 933 copulatio
1545 881 1717 914 vocum
1739 862 1938 916 constat
1973 869 2067 914 aut

348 934 587 988 numeris
635 939 906 1003 (numeros
944 934 1125 1002 ῥυθμεὶς
1162 932 1332 1003 accipi
1371 932 1513 1000 volo)
1554 942 1649 986 aut
1688 931 1858 999 μέτρῳ,
1884 931 1940 984 id
1973 933 2064 996 est,

345 1004 669 1058 dimensione
707 1004 958 1077 quadarn.
1033 1003 1197 1059 Quod
1236 1004 1397 1056 etiam
1435 1004 1505 1056 fir
1541 1003 1740 1055 constat
1774 1013 2068 1074 utrumque

348 1076 594 1149 pedibuS,
620 1076 784 1130 habet
806 1088 984 1129 tamen
1009 1094 1116 1128 non
1154 1074 1442 1146 {implicem
1479 1074 1851 1127 differentiam.
1923 1074 2123 1143 Nam4

349 1148 582 1218 rhythmi,
609 1147 696 1201 id³
735 1148 827 1214 est,
852 1146 1080 1211 numeri,
1112 1147 1277 1218 spatio
1311 1156 1615 1217 temporum
1652 1145 1926 1197 constant:
1967 1165 2065 1197 me-

351 1230 433 1271 tra
456 1219 618 1272 etiam
645 1218 866 1272 ordine:
906 1218 1135 1289 ideoque
1169 1218 1394 1270 alterum
1437 1218 1538 1270 effe
1572 1215 1882 1288 quantitatis
1917 1215 2068 1269 vide-

349 1301 455 1356 tur,
482 1289 709 1343 alterum
736 1290 1026 1363 qualitatis,
1097 1286 1296 1357 Ῥυθμός
1321 1298 1414 1341 aut
1436 1306 1530 1360 par
1553 1289 1680 1352 εἷθ’,
1704 1298 1768 1340 ut
1799 1287 2025 1358 dablylus
2049 1308 2066 1340 .-

349 1380 514 1414 unam
539 1361 682 1415 enim
716 1361 966 1433 syllabam
995 1378 1173 1432 parem
1199 1359 1448 1418 brevibus
1473 1359 1657 1412 habet.
1704 1359 1817 1420 ,Est
1848 1359 2064 1430 quidem
2089 1370 2171 1429 47,

349 1432 431 1486 vis
456 1433 640 1486 eadem
678 1443 734 1486 et
755 1433 872 1486 aliis
896 1432 1145 1504 pedibuS,
1171 1426 1256 1483 sed
1284 1449 1479 1484 nomen
1503 1430 1638 1483 illud
1673 1440 1823 1484 tenet
1845 1451 1860 1482 z
1902 1431 2066 1502 (Lon-

341 1524 467 1579 gam
510 1503 609 1556 effe
646 1503 874 1558 duorum
920 1514 1244 1575 temporum,
1288 1502 1483 1555 brevem
1518 1503 1698 1566 uniuS‚
1723 1502 1884 1554 etiam
1922 1502 2070 1574 pueri

348 1574 546 1644 sciunt)
577 1586 668 1628 aut
691 1575 957 1647 sescuplex
974 1586 1017 1640 ¹¹,
1044 1585 1107 1628 ut
1138 1587 1283 1646 paeon
1298 1595 1315 1626 .·
1353 1572 1436 1645 cuj
1446 1588 1507 1627 us
1538 1573 1617 1625 vis
1641 1573 1711 1625 est
1735 1591 1803 1625 ex
1826 1572 1990 1645 longa
2012 1584 2071 1627 et

346 1646 522 1699 tribus
538 1645 816 1700 brevibus:
845 1647 1046 1718 quique
1062 1644 1111 1698 ei
1131 1645 1444 1710 contrariu8‚
1463 1663 1530 1698 ex
1549 1645 1718 1698 tribus
1742 1644 1995 1699 brevibus
2015 1655 2073 1698 et

347 1716 532 1789 longa,
558 1716 645 1770 vel
668 1717 772 1770 alio
797 1734 1014 1790 quoquo
1041 1716 1203 1769 modo
1224 1725 1247 1749 '¹
1279 1726 1520 1788 tempora
1551 1716 1651 1768 tria
1680 1715 1747 1768 ad
1772 1715 1882 1768 duo
1906 1716 2075 1770 relata

349 1788 643 1870 sescuplum
681 1788 920 1842 faciunt:
967 1798 1059 1841 aut
1093 1787 1309 1858 duplex,
1336 1799 1398 1841 ut
1432 1787 1659 1842 iambus:
1696 1806 1820 1840 nam
1857 1787 1929 1840 est
1964 1797 2072 1840 ex²

349 1860 500 1914 brevi
524 1869 580 1914 et
598 1859 764 1933 longa
778 1872 794 1914 ἐ
826 1860 1117 1933 quique·est
1139 1860 1190 1911 ei
1206 1858 1518 1914 contrarius,
1559 1860 1696 1912 Sunt
1718 1854 1777 1911 hi
1791 1868 1846 1911 et
1863 1859 2072 1913 metrici
2091 1858 2161 1926 48

410 2034 429 2055 0
459 2044 529 2068 om.
549 2031 601 2070 G.
620 2030 726 2069 Jens.

859 2033 881 2061 P
905 2029 970 2068 Sic
989 2031 1040 2069 G.
1059 2028 1164 2068 Jens.
1183 2028 1252 2068 etsi
1271 2029 1337 2082 ins.
1359 2028 1496 2079 Regius
1512 2043 1529 2066 e
1549 2029 1639 2080 corsi.
1657 2028 1740 2066 vid.
1759 2037 1832 2068 not.

1958 2034 1976 2061 ‘¹
2008 2029 2077 2068 Sic

355 2085 408 2122 G.
428 2093 462 2122 et
482 2084 534 2123 al.
552 2093 614 2136 ap.
633 2086 729 2124 Bur.
748 2083 929 2135 probante
950 2084 1061 2122 etiam
1089 2083 1226 2122 Liebio.
1257 2085 1354 2122 inest
1382 2092 1518 2121 tamen
1546 2083 1823 2134 compositioni
1842 2082 1947 2122 Jens.
1966 2092 2002 2122 et
2019 2083 2073 2123 al.

353 2144 372 2168 1·
399 2153 466 2176 om.
485 2139 591 2177 Jens.

354 2192 580 2244 sescuplum
599 2192 652 2233 G.
761 2199 784 2222 Χ
812 2200 858 2231 ut
877 2191 944 2244 irgs.
965 2193 1016 2231 G.

416 2357 490 2397 45.
524 2356 709 2386 numeros
728 2343 874 2396 ῥυθμὸς
899 2339 1029 2399 accipi
1055 2340 1172 2395 volo]

358 2401 570 2444 Nimirum
589 2416 772 2445 numeros
791 2401 933 2443 Latini
955 2402 1080 2443 etiarn
1101 2414 1174 2457 ap-

356 2459 511 2516 pellant
547 2460 748 2511 ordinem,
785 2467 827 2501 et
865 2458 1174 2501 alternationem

357 2517 470 2574 quafi
488 2527 572 2560 tem
629 2533 737 2567 rum,
756 2518 943 2559 brevium
965 2527 1005 2559 et
1031 2515 1174 2572 longo·

357 2591 469 2627 rum,
497 2590 580 2633 qua
600 2577 636 2619 is
666 2578 792 2620 etiam
824 2574 902 2617 fine
935 2576 1021 2617 toni
1056 2574 1175 2616 diffe-

356 2635 489 2677 rentia
506 2634 561 2676 est
591 2648 634 2676 v.
653 2649 698 2691 g.
733 2635 775 2676 in
801 2643 1091 2692 tympanorum
1114 2632 1175 2674 so-

358 2707 428 2741 no,
466 2692 508 2734 in
546 2691 798 2742 saltantium,
840 2692 883 2733 in
918 2691 1175 2734 vibrantium

357 2765 489 2800 arma,
517 2752 561 2793 in
594 2750 801 2794 artificum
832 2750 1092 2805 quorundam
1127 2747 1176 2790 fi-

359 2809 449 2851 mul
481 2822 588 2866 opus
620 2807 861 2850 facientium
890 2809 1093 2859 motibus,
1113 2805 1178 2849 fa-

357 2870 529 2911 brorum
549 2880 590 2909 ν.
611 2881 658 2924 g.
690 2866 844 2910 ferrum
864 2867 905 2908 in
926 2865 1074 2909 incude
1092 2864 1178 2907 for-

358 2927 582 2975 mantium,
615 2924 818 2966 vietorum
852 2922 975 2967 doliis
1008 2924 1177 2980 adigen-

357 2986 465 3026 tium
485 2980 974 3032 circulos,triturantium
994 2980 1177 3025 frumen-

357 3052 402 3084 ra
432 3038 607 3097 flagellis
639 3040 898 3090 rusticorum,
927 3041 1084 3097 quibus
1114 3038 1177 3083 vel

358 3100 511 3143 laboris
543 3097 768 3141 molestiam
802 3098 998 3149 solantur,
1026 3098 1092 3141 vel
1120 3114 1175 3141 ae-

358 3158 538 3214 qualiter
569 3170 712 3213 operas
752 3157 859 3198 inter
895 3158 931 3199 se
964 3156 1174 3199 dividunt.

359 3219 454 3259 Hoc
485 3228 747 3259 numerorum
775 3228 907 3271 genus
937 3214 1003 3257 hic
1027 3215 1178 3266 ῥυθμὸν,

360 3274 471 3331 quasi
522 3285 569 3315 tu
607 3273 923 3315 concinnitatem
968 3272 1177 3329 quandam

359 3343 434 3374 aut
454 3342 592 3374 motus
620 3331 922 3389 proportionem
951 3331 1083 3380 dicam,
1102 3344 1178 3371 vo-

359 3399 445 3432 cat.
490 3390 590 3432 Vid.
613 3402 707 3444 quae
727 3389 847 3443 supra
868 3390 1105 3431 monuimus
1125 3387 1179 3430 ad

364 3464 405 3499 1,
432 3464 501 3497 10,
523 3463 607 3489 222
637 3456 680 3490 et
709 3443 799 3503 lege
828 3448 870 3488 in
900 3447 1046 3503 primis
1072 3447 1179 3496 Dio-

358 3505 515 3563 nysium
551 3503 693 3547 Halic.
723 3504 774 3545 de
808 3504 1026 3546 tonstrua.
1059 3518 1098 3545 c.
1126 3518 1177 3556 ¹7

357 3573 398 3606 et
424 3567 495 3606 18.
536 3563 622 3606 Hic
651 3563 762 3605 enim
790 3562 1070 3605 disertissimus
1090 3576 1180 3603 om-

719 2144 732 2163 ³
765 2140 807 2176 in
828 2150 999 2177 numero
1018 2140 1068 2178 G.
1087 2139 1193 2192 Jens.

1126 2199 1148 2222 Ζ
1176 2201 1215 2231 et
1235 2191 1287 2230 G.

1319 2139 1333 2162 ῑ
1363 2151 1433 2176 om.
1450 2137 1557 2178 Jens.
1684 2143 1703 2162 ²¹
1735 2137 1950 2188 sexcuplex
1967 2139 2073 2177 Jens.

1256 2342 1372 2385 nium
1393 2341 1553 2384 videtur
1571 2359 1581 2383 ε
1615 2339 1666 2384 fic
1685 2339 1850 2384 facilius
1871 2340 2074 2399 intelliges

1255 2401 1401 2443 deinde
1431 2410 1520 2442 tum
1552 2400 1730 2443 Fabium
1758 2400 1952 2450 nostrum,
1981 2410 2075 2443 tum

1288 2474 1370 2502 uae‘
1400 2455 1555 2500 habent'
1601 2457 1672 2500 alii
1719 2457 1783 2500 vel
1820 2455 1988 2509 Musici,
2026 2470 2077 2501 ut

1257 2475 1565 2577 Qinffilianus
1598 2515 1804 2559 Aristides
1837 2514 1915 2558 lib.
1952 2531 1992 2559 1.
2027 2531 2072 2573 p.

1262 2590 1331 2628 33.
1356 2575 1493 2617 Meib.
1515 2589 1639 2631 quem
1667 2576 1790 2618 vertit
1818 2573 1960 2625 vitiose
1978 2574 2076 2618 satis

1231 2633 1498 2690 ,Martianus
1532 2631 1729 2690 Capella:
1775 2630 1841 2675 vel
1877 2632 2074 2684 rhetores,

1257 2702 1306 2734 ut
1325 2690 1521 2734 Ruffinus
1541 2690 1652 2747 apud
1670 2690 1883 2734 Pithoeum
1904 2706 1948 2748 p.
1972 2705 2072 2744 313.

1257 2750 1349 2806 sqq.
1395 2749 1459 2792 vel
1495 2749 1792 2798 Grammatici‚
1823 2756 1872 2790 ut
1909 2748 2076 2793 Marius

1259 2807 1501 2850 Viam-inus
1532 2822 1577 2864 p.
1616 2811 1748 2860 2484.
1781 2805 1951 2850 Putsch.
1981 2806 2076 2851 Ple-

1258 2865 1412 2908 nisfime
1431 2874 1568 2907 autem
1588 2864 1693 2908 hanc
1711 2873 1895 2908 veterum
1922 2863 2077 2908 doetri-

1259 2938 1372 2973 nam,
1393 2937 1493 2980 pene
1516 2922 1740 2965 obsoletam
1767 2922 1905 2973 hodie,
1924 2922 2078 2966 traela-

1260 2982 1321 3024 vit
1342 2982 1483 3036 Jovita
1510 2981 1716 3039 Rapicius
1743 2981 1947 3038 principio
1979 2996 2079 3039 ope·

1259 3040 1318 3081 ris
1338 3042 1387 3082 de
1406 3053 1577 3082 numero
1593 3040 1789 3082 oratorio.
1834 3039 1924 3082 Nos
1943 3053 2078 3097 pauca

1259 3097 1566 3147 adnotabimus,
1605 3096 1683 3140 fine
1731 3097 1886 3154 quibus
1933 3111 2079 3155 nempe

1257 3155 1477 3198 obscurum
1497 3154 1569 3198 effe
1598 3155 1929 3214 Qinetilianum
1952 3154 2079 3199 lesto-

1258 3214 1376 3257 ribus
1397 3213 1595 3279 plerisque
1614 3214 1926 3256 arbitrabimur.

1318 3287 1393 3324 47.
1444 3285 1518 3314 ‘ms
1563 3273 1704 3314 eadem
1751 3270 1868 3325 aliis]
1918 3271 2081 3329 Nempe
2159 3260 2166 3272 ’

1262 3329 1462 3387 Spondeo,
1483 3339 1523 3371 et
1552 3329 1792 3386 Anapaesto,
1822 3339 1863 3371 et
1891 3328 2080 3386 Amphi-

1261 3387 1431 3445 brachy.
1480 3387 1557 3430 Sed
1590 3390 1666 3444 qui
1694 3388 1745 3430 de
1774 3386 1971 3444 rhythmo
1996 3385 2082 3429 solo

1261 3445 1526 3503 praecipiunt,
1564 3445 1624 3488 illi
1659 3445 1734 3487 hos
1766 3445 1891 3488 etiam
1923 3443 2082 3502 ‹laekyli

1261 3503 1425 3545 nomine
1473 3503 1837 3563 comprehendunt,
1877 3511 1927 3547 ut
1961 3502 2082 3546 docet

1263 3575 1359 3604 mox
1379 3561 1411 3603 s.
1433 3564 1506 3614 48.
