2320 4030
652 308 932 366 1NsT1‘r.
968 310 1314 365 ORATOR.
1350 312 1488 361 Lm.
1522 312 1611 363 x1.
1647 328 1699 375 3.
1941 314 2034 377 263
2115 340 2117 342 -

315 451 444 506 dum
485 452 539 505 in
578 451 703 518 sole,
741 460 834 506 aut
865 449 1100 516 ventos0,
1141 447 1384 512 humido,
1412 448 1647 502 calidove
1669 458 1690 480 ¹¹
1729 447 1817 502 die
1854 448 2035 516 fuerit,

312 542 430 576 reos
456 523 790 577 deseremus?
837 523 979 574 Nam
1016 519 1241 573 crudum
1279 518 1517 591 quidem,
1545 530 1637 572 aut
1661 519 1912 586 saturum,
1941 533 2037 574 aut

312 595 538 659 ebrium,
572 604 664 647 aut
699 593 870 665 ejecto
910 591 1075 644 modo
1111 590 1341 657 vomitu,
1378 609 1498 660 quae
1542 591 1772 643 cavenda
1813 592 2032 662 quidam

313 677 554 730 monent,
582 663 876 718 declamare
901 662 1190 725 nerninem,
1218 660 1312 732 qui
1348 662 1409 714 fit
1445 661 1638 713 mentis
1666 680 1904 732 compOS,
1931 681 2032 734 pu-

225 740 291 793 28
314 745 390 789 to.
465 735 608 788 Illud
647 753 754 787 non
799 735 902 786 fine
939 732 1108 785 cauffa
1147 732 1255 784 est⁰
1296 732 1363 784 ab
1398 732 1649 784 omnibus
1681 746 2033 803 praeceptum,

312 816 376 858 ut
411 818 650 877 parcatur
668 819 691 851 Ρ
726 803 958 858 maxime
982 803 1101 855 voci
1125 801 1180 854 in
1205 801 1299 854 illo
1334 821 1366 854 a
1391 803 1614 873 pueritia
1639 802 1692 854 in
1730 802 2032 857 adolescen-

312 876 440 929 tiam
479 877 714 942 tranfitu,
790 875 920 928 uiaq
957 873 1263 926 naturaliter
1298 873 1602 944 impeditur,
1639 892 1766 939 non,
1795 885 1855 926 ut
1891 875 2033 928 arbi-

313 957 442 1012 tror,
470 958 683 1019 propter
709 896 958 1011 calorem,
984 945 1129 1017 quod
1166 943 1381 1016 quidam
1419 955 1757 1015 putaverunt,
1790 947 1933 1014 (nam
1962 947 2035 999 est

222 1036 291 1094 29
314 1017 515 1089 majorr
556 1019 692 1086 aliis)
738 1017 827 1070 sed
870 1027 1082 1088 propter
1117 1015 1397 1068 humorem
1435 1015 1632 1086 potius.
1705 1017 1848 1068 Nam
1889 1017 2033 1070 hoc⁸

312 1099 442 1142 aetas
480 1089 573 1143 illa
612 1088 885 1161 turgescit.
961 1089 1149 1158 Itaque
1192 1104 1339 1138 nares
1376 1088 1557 1152 etiam,
1585 1105 1645 1139 ac
1689 1088 1892 1158 peetUS,
1930 1095 2032 1140 eot

311 1169 552 1231 tempore
577 1171 809 1226 tument,
834 1168 992 1229 atque
1016 1157 1196 1210 omnia
1230 1156 1377 1211 velut
1407 1157 1728 1229 germinant,
1756 1170 1952 1225 tenera,
1980 1169 2037 1213 et

304 1230 521 1302 >injuriae
546 1231 793 1284 obnoxia.
843 1229 969 1294 Sed,
995 1240 1058 1282 ut
1082 1229 1146 1281 ad
1170 1228 1484 1299 propofitum
1512 1228 1744 1292 redeam,
1762 1228 1875 1299 jam
1901 1249 2034 1282 con-

314 1302 532 1354 firmatae
558 1303 956 1372 constitutaeque
981 1299 1123 1352 vocis
1153 1318 1324 1370 genus
1355 1299 1746 1352 exercitationis
1771 1301 2034 1370 optimum

311 1372 471 1438 duc0,
510 1373 658 1444 quod
701 1374 771 1426 est
810 1371 955 1443 operi
1000 1370 1345 1435 fimillimum,
1391 1369 1566 1423 dicere
1604 1371 1863 1442 quotidie,
1903 1373 2035 1426 ficut

311 1443 543 1515 agimus,
617 1446 759 1498 Nam
803 1461 870 1496 ue
905 1442 1011 1495 hoc
1046 1441 1208 1493 modo
1245 1459 1349 1493 non
1387 1460 1488 1495 vox
1515 1452 1722 1494 tantum
1751 1443 2032 1496 confirma-

312 1525 402 1568 tur
435 1526 491 1567 et
524 1515 682 1580 latus,
710 1463 800 1567 sed
822 1513 983 1567 etiam
1021 1512 1250 1583 corporis
1290 1512 1484 1572 decens
1522 1524 1576 1565 et
1600 1514 2034 1568 accommodatus

219 1608 298 1662 30*
313 1584 540 1641 orationi
582 1598 762 1639 motus
803 1584 1158 1654 componitur.
1233 1584 1358 1635 Non
1409 1583 1510 1635 alia
1554 1585 1623 1636 est
1667 1596 1848 1636 autem
1899 1587 2035 1639 ratio

311 1656 775 1728 pronuntiationiS,
802 1675 961 1727 quam
987 1655 1144 1726 ipfius
1167 1654 1441 1707 orationis.
1476 1657 1620 1707 Nam
1647 1666 1708 1708 ut
1733 1655 1824 1709 illa
1846 1676 2033 1710 emen-

310 1729 453 1793 data,
487 1727 738 1793 dilucida,
772 1737 975 1791 ornata,
1011 1737 1133 1797 apta
1169 1726 1269 1778 effe
1307 1725 1500 1779 debet:
1548 1726 1623 1778 ita
1664 1726 1781 1779 haec
1820 1746 2036 1798 quoque

310 1799 594 1852 emendata
617 1799 735 1864 erit,
763 1798 819 1851 id
845 1799 934 1863 est,
962 1797 1091 1851 vitio
1128 1795 1347 1861 carebit,
1373 1797 1406 1848 fi
1445 1796 1605 1849 fuerit
1640 1816 1702 1850 os
1722 1797 1910 1865 facile,
1937 1818 2033 1852 ex-

310 1869 605 1942 planatum,
621 1869 947 1940 jucundum,
972 1869 1258 1933 urbanum,
1284 1867 1342 1920 id
1367 1868 1458 1933 est,
1488 1869 1542 1922 in
1562 1882 1586 1903 ¹¹
1622 1887 1730 1939 quo
1766 1869 1912 1922 nulla
1936 1889 2033 1925 ne-

218 1965 284 2019 31
312 1959 419 2013 que
442 1941 697 1994 rusticitas
721 1953 896 2012 neque
919 1939 1266 2012 peregrinitas
1302 1938 1525 1991 resonet.
1598 1939 1727 1992 Non
1752 1941 1894 1993 enirn
1929 1942 2036 1996 fine

312 2012 483 2066 cauffa
505 2011 701 2065 dicitur
726 2011 1012 2076 barbarum,
1044 2011 1358 2063 Graecumve.
1430 2010 1572 2063 Nam
1599 2010 1736 2063 sonis
1766 2011 2033 2079 homineS,

309 2094 372 2136 ut
397 2101 501 2135 aera
535 2083 756 2147 tinnitu,
783 2082 1162 2154 dignoscimus..
1238 2082 1321 2133 Ita
1357 2081 1448 2134 fiet
1472 2081 1624 2146 illud,
1651 2082 1795 2153 quod
1827 2084 2034 2137 Ennius

290 2155 519 2225 probat,
549 2173 674 2208 cum
699 2153 834 2207 dicit
851 2152 1230 2226 suaviloquenti
1252 2161 1274 2184 ¹
1300 2171 1379 2204 ore
1405 2152 1670 2224 Cethegum
1691 2153 1786 2223 fui
1826 2175 1850 2204 e
1869 2175 1886 2205 .·
1926 2173 2034 2208 non

351 2226 456 2278 uod
482 2226 672 2279 Cicero
695 2225 751 2277 in
778 2225 842 2277 iis
866 2223 1221 2296 reprehendit,
1248 2241 1384 2295 quos
1407 2223 1485 2276 ait
1509 2224 1716 2287 latrare,
1743 2245 1838 2277 non
1863 2246 2031 2296 agere.

309 2245 449 2349 gunt
488 2296 631 2349 enim
670 2295 840 2348 multa
880 2295 1027 2360 vitia,
1053 2295 1120 2347 de
1159 2294 1352 2366 quibus
1393 2294 1523 2362 dixi,
1551 2313 1672 2347 cum
1713 2295 1768 2347 in
1802 2296 2032 2366 quadam

287 2366 469 2440 ‘primi
508 2367 629 2420 libri
671 2377 820 2439 parte
859 2384 1142 2439 puerorum
1193 2382 1287 2418 ora
1334 2363 1637 2432 formarem,
1683 2367 2035 2439 opportunius

363 2527 387 2550 *ἱ
417 2523 546 2562 calido
566 2522 633 2562 iid.
743 2526 771 2554 ⁰.
793 2536 862 2561 om.
882 2522 950 2562 iid.
1075 2526 1095 2554 P
1122 2528 1303 2572 pareatur
1319 2521 1372 2559 G.
1497 2526 1515 2553 ‘³
1549 2521 1618 2570 qui
1639 2521 1691 2560 G.
1708 2522 1814 2564 Jens.
1883 2500 1886 2503 -
1941 2528 1957 2547 ¹'
1989 2524 2032 2564 in

309 2575 378 2628 inst
397 2577 465 2628 iid,
496 2577 500 2582 ’
602 2583 616 2601 ²
648 2577 739 2616 haee
756 2577 862 2616 Jens.
976 2579 1001 2615 ,ἰ
1030 2579 1211 2616 maxime
1231 2575 1298 2628 irgs.
1318 2575 1372 2614 id.
1498 2581 1518 2604 υ
1546 2588 1614 2614 om.
1633 2574 1687 2615 id.
1814 2581 1833 2603 Χ
1865 2577 2032 2617 suavilo-

308 2630 559 2682 quentiorem
578 2630 630 2670 id.

371 2768 442 2807 28.
489 2779 521 2807 a
549 2763 983 2822 pueritia—transttu]
1031 2767 1129 2825 Qo
1209 2765 1335 2808 verba
1353 2764 1491 2808 omnia
1519 2764 1672 2808 Latina
1699 2764 1852 2824 aliquis
1871 2765 2030 2820 efferat,

309 2831 492 2881 tempore
518 2822 744 2880 hirquitalli
769 2833 810 2867 et
840 2823 1126 2880 hirquitallire‚
1209 2823 1275 2865 sed
1308 2823 1404 2879 sono¹
1434 2822 1498 2866 vel
1529 2822 1680 2866 rustico
1706 2824 1769 2866 vel
1799 2827 2028 2882 peregrino.

310 2882 396 2923 Gr.
416 2882 608 2934 τςαγίζειν,
630 2896 655 2923 a
674 2897 772 2930 voce
791 2883 949 2938 caprini
969 2885 1126 2939 generis
1209 2882 1370 2924 Notum
1388 2882 1457 2932 est,
1478 2881 1589 2938 quod
1618 2881 1669 2924 de
1688 2881 1933 2942 QValerio
1953 2885 2028 2926 so-

308 2939 524 2981 dicuntur.
565 2939 666 2982 Vid.
709 2940 919 2982 Censorin.
957 2940 1008 2983 de
1045 2943 1127 2983 Die
1207 2953 1308 2981 rano
1333 2939 1475 2982 retulit
1504 2940 1651 2982 Cicero
1670 2941 1720 2983 de
1740 2943 1862 2983 Orat.
1888 2956 1928 2995 3,
1955 2957 2027 2986 11.

311 2998 414 3039 Nat.
439 3011 478 3039 c.
503 3011 574 3050 14,
606 3006 647 3039 et
675 2998 737 3040 ibi
769 2998 969 3041 Lindebr·.
997 3014 1040 3056 p.
1064 3014 1123 3040 m.
1208 2997 1329 3040 Add.
1352 2998 1420 3040 hic
1445 3013 1486 3047 1,
1510 3012 1550 3046 1,
1574 3012 1644 3050 13.

314 3070 411 3098 100.
1270 3070 1289 3109 3
1302 3071 1340 3097 1.
1360 3054 1751 3109 Ennius-latrare]
1776 3055 1908 3114 Apud
1929 3058 2025 3102 Cic.

372 3127 442 3165 30.
484 3111 596 3156 Nam
618 3120 663 3155 ut
696 3112 927 3167 illa—haec]
967 3112 1046 3155 Illa
1074 3114 1127 3156 ad
1207 3112 1341 3155 Bruto
1384 3130 1400 3155 ι
1413 3129 1454 3168 5,
1494 3114 1568 3159 ubi
1607 3122 1647 3155 et
1687 3113 1807 3164 illud,
1846 3116 2027 3159 Latrant

309 3171 482 3229 propius
510 3170 696 3222 refenur,
715 3169 802 3212 haec
827 3172 878 3213 ad
908 3172 1121 3215 remotius.
1194 3170 1294 3226 jam
1327 3170 1492 3228 quidam
1527 3178 1723 3221 oratores,
1754 3185 1831 3213 non
1860 3172 2027 3229 loquun-

310 3230 411 3272 Vid.
434 3228 486 3271 ad
508 3231 551 3279 6,
575 3243 616 3279 1,
638 3245 680 3284 9,
699 3237 740 3271 et
759 3243 856 3270 mox
877 3229 907 3271 s.
930 3244 1006 3281 41.
1206 3237 1291 3271 tur.
1325 3230 1390 3271 Sic
1411 3230 1461 3271 de
1482 3231 1602 3271 Orat.
1629 3244 1670 3282 3,
1693 3243 1762 3281 34,
1782 3229 1832 3271 de
1852 3231 2025 3282 Pericle,

372 3301 443 3340 31.
477 3285 719 3337 barbarum,
746 3287 1012 3341 Graecumve]
1052 3288 1123 3329 In·
1207 3287 1262 3328 At
1300 3285 1403 3329 hunc
1439 3301 1516 3328 non
1553 3285 1752 3328 clamator
1783 3286 1930 3344 aliquis
1965 3289 2027 3331 ad

307 3342 453 3400 telligo
484 3345 623 3394 verba,
644 3346 798 3402 sonare
827 3344 976 3402 aliquis
990 3363 1002 3387 ε
1047 3342 1122 3387 a'b-
1204 3344 1448 3402 clepsydram
1464 3344 1623 3386 latrare
1639 3344 1846 3386 docuerat.
1867 3393 1872 3396 ,

306 3413 477 3459 ruptene
505 3401 668 3444 locutus
697 3401 744 3444 fit
768 3403 942 3453 Fabius,
963 3417 1013 3445 an
1033 3411 1123 3445 tur·
1269 3417 1335 3455 3¹·
1360 3401 1404 3445 in
1422 3402 1600 3459 quadam
1618 3400 1716 3443 libri
1737 3401 1866 3457 primi
1875 3404 2021 3458 parte]

308 3460 445 3502 barint
475 3458 650 3509 librarii,
685 3473 765 3502 non
797 3459 964 3503 definio.
1027 3461 1123 3503 Non
1210 3474 1251 3509 1,
1278 3474 1318 3509 1,
1342 3475 1412 3514 37.
1450 3475 1488 3510 1,
1515 3475 1555 3514 5,
1583 3474 1651 3513 32.
1680 3474 1719 3510 1,
1743 3463 1785 3514 8,
1811 3474 1851 3504 1.
1874 3462 1917 3503 in
1937 3462 2024 3519 pri.

307 3526 456 3559 temere
469 3517 538 3567 est,
552 3518 665 3573 quod
677 3516 903 3559 barbarum
917 3525 989 3560 aut
1005 3519 1123 3560 Grae-
1206 3519 1288 3560 mis
1308 3532 1401 3560 vero
1425 3533 1465 3569 1,
1490 3532 1507 3560 1
1520 3533 1559 3560 1.
1583 3517 1662 3560 int.

305 3588 396 3619 cum
435 3575 708 3633 agnoscimus,
743 3575 1016 3633 dicimusthe,
1054 3575 1125 3619 etsi

1229 3649 1318 3700 ⁵4
