2320 4030
305 346 395 395 180
683 342 761 392 M.
795 335 1005 392 FABII
1043 322 1628 392 omNc‘rimAm

298 483 390 538 nio
425 480 648 547 validuS,
672 481 909 535 materiae
945 498 1158 553 quoque
1194 479 1493 545 ostendunt,
1519 478 1753 532 maxima
1785 480 2022 536 bellaet

296 551 600 609 clariffimos
626 554 936 606 canentem¹
974 553 1158 618 duceS,
1185 561 1242 603 et
1275 551 1413 623 epici
1450 550 1697 606 carminis
1721 553 1926 606 oneral
1964 573 2024 606 ra

295 623 654 677 sustinentem.
730 624 931 678 Reddit
965 624 1109 677 enim
1147 621 1379 694 personis
1415 622 1470 675 in
1507 621 1719 694 agendo
1751 623 1899 678 fimul
1957 642 2020 678 o-

295 694 616 767 quendoque
653 695 893 749 debitam
929 694 1284 767 dignitatem:
1324 711 1407 759 ac,
1435 692 1468 745 fi
1505 691 1751 746 tenuisset
1775 693 2022 760 modurn,

297 765 509 820 videtur
533 765 769 819 aemulari
831 765 1065 819 roximus
1093 767 1394 818 Homerum
1418 763 1638 835 potuisse
1658 785 1671 816 :
1710 763 1798 818 sed
1821 766 2022 818 redun-

296 837 409 902 dat,
443 848 606 909 atque
643 785 932 890 effunditur
951 858 967 891 ς
1009 836 1157 907 quod
1194 845 1257 889 ut
1292 835 1365 889 est
1401 835 1918 906 reprehendendum,
1948 836 2025 890 ita

298 909 471 980 copiae
507 907 698 962 vitium
737 908 826 962 est.
900 907 1108 960 Alcaeus
1146 907 1202 959 in
1236 917 1384 976 parte
1418 906 1592 977 operis
1627 924 1788 960 aureo
1820 907 2024 979 plectro
2037 905 2106 975 63

298 979 491 1033 merito
515 979 761 1044 donatur,
789 997 897 1050 qua
920 989 1171 1050 tyrannos
1197 977 1558 1031 inse&aturm:
1597 977 1831 1031 multum
1863 978 2026 1032 etiam

296 1050 539 1103 moribus
570 1049 810 1107 confert:
850 1050 906 1102 in
944 1048 1244 1120 eloquendo
1281 1064 1495 1120 quoque
1529 1048 1705 1101 brevis
1729 1059 1785 1101 et
1808 1050 2023 1121 magni-

299 1121 450 1186 ficus³
478 1131 534 1174 et
558 1120 807 1192 diligens,
832 1121 1149 1192 plerumque
1170 1129 1191 1152 ¹¹
1229 1121 1475 1173 Homero
1508 1118 1709 1185 fimilis,
1735 1119 1824 1173 sed
1849 1120 1904 1173 in
1937 1120 2024 1173 lu-

298 1192 386 1246 sus
413 1202 468 1245 et
503 1211 707 1245 amores
741 1191 1031 1258 descendit,
1058 1190 1348 1263 majoribus
1383 1202 1561 1244 tamen
1599 1190 1788 1262 aptior.
1865 1191 2023 1245 Simo-
2039 1188 2111 1255 64

299 1263 441 1316 uides
465 1263 662 1329 tenuis,
689 1263 890 1335 alioqui
912 1263 1150 1316 sermone
1187 1261 1399 1334 proprio
1431 1273 1488 1315 et
1514 1260 1855 1334 jucunditate
1890 1281 2027 1335 qua·

300 1334 426 1391 dam
452 1335 815 1391 commendari
841 1335 1042 1406 potest:
1083 1334 1390 1406 praecipua⁰
1425 1344 1604 1386 tamen
1639 1332 1754 1405 ejus
1789 1333 1847 1386 in
1873 1351 2026 1387 com-

297 1406 566 1467 movenda
590 1405 921 1459 miseratione
947 1405 1132 1470 virtuS‚
1157 1414 1222 1458 ut
1257 1403 1476 1477 quidam
1502 1403 1557 1456 in
1593 1404 1696 1458 hac
1731 1423 1856 1458 eum
1880 1416 2029 1478 parte

299 1477 551 1534 omnibus
576 1477 806 1550 ejusdem
833 1477 1007 1549 operis
1039 1475 1345 1535 auctoribus
1377 1475 1673 1547 praeferant.
1745 1475 2025 1549 Antiqua-¹?
2041 1475 2110 1544 65

298 1548 570 1607 comoedia
608 1568 734 1606 cum
785 1549 1032 1603 sinceram
1081 1547 1230 1600 illam
1279 1546 1533 1600 sermonis
1581 1546 1754 1600 Attici
1801 1547 2030 1620 gratiam

298 1638 462 1702 prope
500 1620 606 1673 sola
642 1620 854 1685 retinet,
890 1630 1008 1672 tum
1049 1617 1427 1672 facundiffimae
1449 1627 1471 1660 ‘¹
1513 1618 1793 1685 libertatiS,
1827 1621 1915 1672 etfi
1958 1620 2031 1673 est

301 1691 754 1749 1n1-„inse6tandis
790 1690 934 1744 vitiis
964 1689 1250 1762 vpraec-ipua,
1289 1688 1579 1761 plurimum
1618 1699 1797 1744 tamen
1836 1689 2031 1746 virium

300 1761 463 1821 etiam
490 1762 544 1815 in
571 1763 760 1819 ceteris
785 1762 1027 1834 partibus
1054 1761 1237 1814 habet.
1302 1763 1456 1819 ,Nam
1486 1771 1543 1814 et
1565 1761 1801 1833 grandis,
1827 1770 1884 1815 et
1909 1761 2030 1821 ‚ele-

299 1853 456 1906 ganS,
483 1844 539 1887 et
563 1834 806 1898 venusta,
822 1843 876 1886 et
901 1833 1078 1886 nescio
1103 1851 1171 1885 an
1196 1832 1328 1895 ulla,
1353 1833 1464 1903 post
1500 1834 1802 1886 Homerum
1828 1843 2030 1899 tamen,

303 1923 487 1977 quem,
514 1915 578 1958 ut
601 1905 891 1969 Achillem,
919 1905 1124 1975 semper
1159 1903 1334 1974 excipi
1369 1921 1462 1975 par
1498 1904 1587 1969 est,
1616 1915 1709 1957 aut
1734 1904 1948 1958 similior
1972 1906 2034 1958 fit

298 1976 620 2043 oratoribus,
645 1986 738 2030 aut
761 1975 828 2029 ad
859 1985 1093 2029 oratores
1118 1973 1386 2028 faciendos
1411 1994 1441 2026 a
1479 1974 1600 2028 tior.
1676 1974 1858 2028 Plures
1881 1976 2030 2048 ejus⁸

301 2047 546 2106 auctores
575 2069 588 2101 z
651 2047 1001 2120 Aristophanes
1050 2057 1230 2109 tamen
1255 2054 1293 2112 ‘‚
1333 2056 1390 2099 et
1483 2046 1657 2119 upolz's,
1704 2047 1954 2119 Cratinus
1985 2067 2031 2100 ce

300 2119 579 2191 praecipui.
642 2118 959 2191 Tragoedias
983 2118 1186 2190 primus
1211 2118 1267 2170 in
1290 2117 1470 2171 lucem
1493 2117 1762 2190 AEschylus
1784 2130 1942 2190 protu
1965 2119 2026 2185 it,
2046 2125 2116 2179 66

300 2190 542 2247 sublimis
579 2201 634 2243 et
656 2190 851 2262 graviS‚
878 2200 933 2244 et
957 2188 1344 2262 grandiloquus
1374 2188 1510 2261 saepe
1533 2188 1700 2261 usque
1724 2189 1794 2244 ad
1819 2189 2030 2256 vit’rum,

302 2262 393 2317 sed
417 2262 564 2315 rudis
590 2262 644 2314 in
672 2261 930 2333 plerisque
955 2271 1011 2315 et
1032 2260 1445 2332 incompositus:
1485 2272 1698 2332 propter
1732 2260 1878 2332 quod
1909 2280 2031 2316 cor-

303 2333 472 2388 rectas
499 2334 614 2406 ejus
637 2332 843 2388 fabulas
866 2333 922 2386 in
948 2342 1214 2387 certamen
1239 2330 1444 2385 deferre
1466 2331 1841 2405 posterioribus
1859 2333 2034 2405 poetis

359 2503 372 2530 ¹
403 2505 842 2545 canente—sustinente
861 2504 913 2544 G.
931 2503 1039 2545 Jens.
1065 2502 1134 2543 int.
1155 2502 1255 2556 lyra.
1374 2507 1408 2528 ¹²¹
1439 2502 1650 2544 infestatus
1669 2503 1736 2541 fid.
1861 2508 1881 2528 ¹¹
1913 2503 2035 2556 pluri.

306 2571 425 2598 mum
446 2560 497 2598 G.
633 2566 652 2583 ⁰
684 2560 883 2611 praecipue
901 2559 1007 2598 Jens.
1153 2563 1172 2590 P
1200 2558 1269 2597 illa
1287 2557 1354 2611 irgs.
1374 2557 1442 2597 iid.
1603 2566 1625 2599 (ι
1653 2557 1833 2598 foecund.
1855 2557 1906 2598 G.
1925 2559 2032 2598 Jens.

305 2622 321 2643 r
352 2627 420 2652 om.
443 2613 507 2651 iid.
620 2618 634 2638 ⁸
666 2614 779 2652 enim
795 2613 903 2652 Jens.
1012 2616 1025 2638 t
1055 2619 1195 2652 autem
1215 2613 1267 2652 G.

368 2736 454 2809 6'2.
490 2731 610 2805 copiae
647 2734 825 2800 viiium]
876 2746 977 2790 vid.
1020 2747 1128 2792 infra
1270 2751 1346 2803 65.
1395 2747 1675 2807 Aristophanes
1723 2748 1831 2802 &c.]
1882 2749 1966 2804 Jun
2000 2750 2035 2792 it

313 2810 385 2858 η’,
419 2821 489 2858 10,
520 2822 590 2860 13.
621 2806 672 2850 it.
694 2803 816 2848 JPlin.
849 2806 966 2863 epist.
993 2822 1032 2858 1,
1053 2822 1128 2858 20,
1210 2808 1370 2850 eosdem
1390 2807 1592 2851 Horatius
1614 2809 1702 2850 Sat.
1729 2822 1771 2857 1,
1790 2819 1836 2858 4,
1857 2821 1922 2864 pr.
1948 2764 2014 2850 ἔτι

309 2881 360 2908 21
373 2897 383 2908 .
1204 2864 1324 2922 polis,
1343 2872 1466 2922 atque
1496 2864 1707 2917 Cratinus,
1736 2834 2036 2925 Aristophanes?

385 2926 457 2976 63.
513 2935 597 2979 qua
643 2929 838 2981 tyrannos
882 2920 1126 2981 infi’cflatur]
1211 2937 1304 2981 que,
1324 2922 1460 2965 Poetae
1475 2923 1558 2966 &c-

306 2981 510 3026 Praeclare
543 2980 612 3022 hic
659 2981 846 3025 observat
888 2980 1130 3023 Almelove-
1272 2984 1347 3024 66.
1377 2983 1582 3024 corretlas
1607 2982 1694 3037 qius
1715 2980 1912 3037 fabulas]
1949 2982 2035 3024 Ne-

308 3041 423 3095 uius,
454 3039 537 3082 huc
570 3037 763 3095 respicere
798 3037 924 3081 Alcaei
957 3037 1132 3080 minac‘es
1213 3039 1298 3082 scio
1329 3039 1436 3083 unde
1471 3039 1549 3082 hoc
1582 3038 1734 3082 habeat
1765 3039 1909 3090 noster,
1947 3055 2036 3082 cor-

312 3095 517 3149 Camssnas
546 3110 571 3138 a
601 3096 658 3146 nd
692 3097 915 3139 Horatium
944 3109 991 3147 4,
1022 3113 1064 3151 9,
1088 3111 1133 3148 7,
1213 3100 1347 3140 reblas
1374 3097 1447 3140 ess'e
1474 3098 1561 3151 ejus
1589 3096 1770 3141 fabulas.
1817 3097 1932 3140 Illud
1959 3112 2035 3142 nos

312 3156 387 3199 ubi
407 3165 490 3198 vet.
520 3155 570 3197 Sc
602 3153 658 3196 ol.
691 3154 816 3205 Adeo,
837 3154 992 3210 inquit,
1011 3168 1133 3196 ama·
1213 3155 1363 3198 docent
1382 3164 1475 3198 tum
1503 3164 1623 3199 vetus
1653 3155 1796 3198 austor
1813 3156 1912 3199 vitae
1931 3156 2036 3199 AEs-

311 3226 387 3257 rus
401 3213 510 3269 fuit,
532 3219 578 3254 ut
596 3211 834 3271 austeritate
851 3210 1047 3254 carminis
1062 3210 1135 3270 sui
1216 3213 1346 3271 chyli,
1394 3221 1487 3256 tum
1538 3213 1808 3257 Philostratus
1859 3214 1905 3258 in
1948 3214 2038 3258 vita

313 3271 457 3314 multos
475 3271 643 3314 civitate
666 3271 842 3323 ejiceret.
1216 3271 1366 3328 Apoll.
1399 3274 1443 3323 6,
1478 3287 1549 3323 11,
1581 3288 1624 3330 p.
1658 3284 1763 3326 243,
1803 3271 1944 3316 Olear.
1995 3284 2037 3316 et

373 3332 448 3384 65.
480 3337 527 3372 ut
558 3325 772 3382 Achillem]
813 3329 949 3429 (Ἢειῐι
981 3327 1137 3386 excipit
1219 3329 1358 3373 Schol.
1388 3329 1442 3372 ad
1475 3330 1767 3388 Aristophanis
1798 3330 1911 3374 Ran.
1935 3333 2037 3386 892,

315 3390 524 3432 Homerus
554 3401 599 3429 v.
628 3401 675 3445 g.
711 3386 755 3428 in
786 3384 853 3430 lau
884 3401 905 3429 e
938 3386 1058 3429 Nirei
1094 3386 1138 3429 in
1219 3387 1403 3446 itemque
1436 3387 1489 3430 ad
1522 3389 1713 3431 Acharn.
1754 3400 1823 3441 ιο,
1856 3387 2037 3444 (laudati

315 3447 486 3491 Boeotia
516 3447 616 3488 1803
1219 3447 1343 3488 etiam
1368 3445 1695 3493 Bibliothecario
1725 3446 1880 3489 Graeco
1899 3462 1943 3498 2,
1967 3450 2038 3497 16,

368 3519 497 3570 nme,
514 3514 548 3560 ες
564 3507 738 3562 κάλλη-ος
752 3514 829 3569 ive?
848 3516 912 3557 {ma
926 3516 1027 3557 ”nm
1043 3515 1135 3557 §aaz
1218 3516 1265 3555 4,
1294 3503 1360 3548 sed
1380 3518 1404 3546 a
1422 3504 1544 3547 nobis
1562 3503 1761 3561 defignati
1780 3505 2036 3560 accuratius)
2104 3530 2106 3532 >

308 3590 310 3593 >
332 3606 334 3608 .
369 3577 445 3613 τὶν
461 3573 579 3609 ἄλλων
597 3575 754 3622 Δαναῶνρ
770 3571 860 3623 μετ’
874 3572 1138 3624 ἐμύμονακηη-
1217 3561 1383 3606 decreto
1397 3562 1714 3605 Atheniensium
1737 3563 1779 3605 in
1799 3562 1957 3605 scenam
1977 3577 2039 3605 re-

424 3633 463 3663 λε
467 3639 564 3665 aaaaa
938 3671 942 3674 ,
1217 3620 1364 3666 dubias
1383 3618 1568 3666 defunffl
1585 3621 1713 3666 etiam
1732 3620 1931 3679 AEschyli
1954 3630 2040 3664 tra-
