2320 4030
319 321 386 380 52
704 312 785 363 M.
822 312 1036 379 ΕΑΒ-ΙΙ
1073 313 1658 364 QUINCTILIANI

321 452 490 524 tropiS,
531 468 666 523 quos
712 462 870 504 motus
911 449 1173 503 clarissimi
1216 451 1511 503 nostrorum
1555 451 1794 504 auetores
1838 462 2048 506 vocant.

319 524 536 576 Horum
562 522 765 576 tradere
803 532 1064 593 praecepta
1101 531 1158 573 et
1196 521 1533 592 grammatici
1567 521 1751 576 solent.

1825 523 1933 577 Sed
1966 535 2048 576 am

318 612 428 659 me,
453 613 581 648 cum
606 594 673 647 de
696 594 910 647 illorum
942 591 1118 645 officio
1151 592 1417 662 loquerer,
1444 591 1611 646 dilata
1644 612 1765 666 pars
1799 592 1918 647 haec
1953 595 2048 660 est,

316 664 446 736 quia
469 665 536 718 de
560 675 752 719 ornatu
776 663 1034 718 orationis
1055 663 1267 736 gravior
1291 662 1567 717 videbatur
1589 664 1761 732 locuS,
1782 675 1838 719 et
1860 664 2051 738 majori

318 736 467 809 operi
493 736 796 790 servandus·

389 810 490 863 VI.
519 809 713 888 Tropus·
729 806 792 878 est
814 806 959 858 verbi
975 804 1063 886 vel
1067 806 1313 877 sermonis
1335 827 1368 858 a
1390 806 1760 890 propriqstgni.
1788 810 1973 862 catione
1996 808 2052 862 in

317 877 478 932 aliam
516 899 624 932 cum
657 888 847 931 vzrtute
877 887 1105 931 mutatzo.

1182 877 1342 930 Circa
1365 896 1528 949 quem
1565 898 1688 932 mex
1747 880 1956 935 1cabilis
1993 891 2051 934 et

363 947 685 1003 rammaticis
721 948 857 1002 inter
892 947 1046 1019 ipsOS,
1097 958 1154 1000 et
1187 947 1541 1020 philosophie,
1578 967 1763 1032 pugna
1796 952 1889 1017 est,
1918 969 2051 1032 ’quae

316 969 417 1074 {gmt
446 1039 664 1094 genera,
690 1038 811 1091 quae
836 1019 1055 1091 specieS,
1081 1019 1176 1091 qui
1201 1038 1476 1084 numeruS,
1502 1041 1623 1092 quis
1648 1022 1737 1076 cui
1755 1033 1777 1056 ¹¹
1801 1021 2048 1095 subjicia-

316 1103 425 1145 tur.

498 1093 617 1145 Nos
660 1090 876 1156 omiHiS,
915 1109 1038 1162 quae
1083 1090 1221 1144 nihil
1263 1091 1333 1144 ad
1373 1090 1750 1146 instruendum
1783 1100 2048 1149 oratorem
2071 1110 2126 1151 θ’

316 1162 605 1234 pertinent,
655 1161 1105 1228 cavillationibus,
1156 1161 1467 1216 neceffarios
1513 1164 1747 1218 maxime
1789 1176 1951 1237 atque
1991 1167 2049 1220 in

314 1234 469 1287 usum
508 1246 750 1306 receptos
790 1234 1168 1306 exsequemur:
1208 1232 1314 1286 hoc
1333 1237 1355 1259 ⁰
1393 1234 1558 1289 modo
1591 1235 1646 1290 in
1672 1236 1757 1290 his
1781 1238 2050 1292 annotaffe

315 1305 618 1372 eontentiv,
646 1305 904 1377 quosdam
942 1304 1116 1388 gratia
1132 1304 1545 1377 fignfficationis‚
1574 1308 1832 1380 quosdam
1866 1310 2051 1363 decoris

312 1375 519 1443 affumi,
545 1389 601 1430 et
637 1376 739 1430 effe
776 1377 914 1430 alios
950 1397 1003 1429 in
1044 1377 1219 1431 verbis
1240 1378 1477 1450 propriis,
1503 1378 1635 1431 alios
1666 1380 1722 1432 in
1753 1381 2048 1453 trargstatis:

313 1448 542 1520 vertique
546 1449 750 1519 firmas
774 1466 883 1500 non
910 1448 1170 1502 verborum
1194 1449 1380 1514 mode,
1399 1449 1490 1503 sed
1513 1462 1569 1503 et
1570 1451 1826 1524 sensuum,
1846 1464 1904 1506 et
1926 1473 2052 1507 com-

311 1519 561 1592 positionis
576 1529 619 1574 ⁴³.
695 1521 878 1575 Quare
925 1519 1061 1572 mihi
1098 1519 1348 1575 videntur
1392 1521 1594 1587 eri-affe,
1635 1523 1731 1595 qui
1770 1541 1879 1577 non
1916 1524 2050 1579 alios
2068 1540 2101 1595 3

314 1591 656 1646 crediderunt
680 1603 880 1664 tropOS,
907 1610 1069 1663 quam
1093 1591 1149 1644 in
1172 1591 1370 1663 quibus
1393 1594 1615 1647 verbum
1636 1613 1735 1666 pro
1757 1595 1923 1650 verbo
1946 1615 2048 1669 po-

312 1674 551 1716 neretur.
626 1665 826 1734 Neque
851 1663 989 1716 illud
1012 1663 1224 1737 ignom,
1250 1663 1306 1716 in
1330 1662 1515 1718 iisdem
1549 1664 1682 1730 fere,
1712 1667 1808 1739 qui
1845 1669 2049 1750 fignifi-

313 1734 471 1787 candi
509 1735 682 1807 gratia
717 1733 1059 1801 adhibentur,
1087 1735 1190 1787 ess'e
1226 1747 1282 1788 et
1315 1747 1598 1790 ornatum:
1638 1736 1730 1791 sed
1763 1757 1870 1792 non
1903 1739 2048 1797 idem

312 1805 524 1859 accidet
565 1818 768 1870 contra,
805 1816 1081 1878 eruntque
1110 1806 1328 1877 quidam
1359 1818 1570 1861 tantum
1601 1808 1670 1863 ad
1699 1809 1929 1882 speciem
1953 1830 2046 1866 ac,

315 1877 667 1931 commodati.
743 1877 1069 1950 Incipiamus
1105 1878 1274 1950 igitur
1310 1879 1377 1931 ab
1415 1897 1501 1945 e0,
1525 1880 1617 1952 qui
1644 1900 1771 1934 cum
1796 1881 2044 1954 frequen·
2066 1899 2104 1951 4

310 1948 535 2003 tiffimus
584 1951 674 2017 est,
719 1959 837 2002 tum
887 1949 1057 2022 longe
1092 1950 1506 2022 pulcherrimuS,
1544 1952 1866 2025 trarfiatione
1901 1954 2080 2026 dico„

315 2039 438 2091 quae
464 2022 708 2089 μεταφορεὶ
735 2022 930 2074 Graece
963 2032 1202 2074 vocatur.

1278 2023 1419 2076 Quae
1444 2022 1664 2093 quidem
1690 2043 1814 2078 cum
1836 2036 1852 2058 ¹
1877 2025 1958 2079 ita
1976 2029 2054 2082 est

313 2093 382 2144 ab
424 2092 532 2163 ipsa
570 2092 725 2147 nobis
763 2092 1003 2146 concessa
1027 2104 1235 2160 natura,
1264 2103 1327 2146 ut
1353 2093 1558 2148 indocti
1589 2114 1807 2168 quoque
1841 2115 1906 2151 ae
1938 2117 2052 2152 non

311 2164 596 2216 sentientes
635 2183 699 2216 ea
738 2163 1044 2236 frequenter
1080 2176 1335 2219 utantur:
1375 2175 1492 2219 turn
1529 2166 1606 2219 ita
1619 2161 1864 2240 jucunda
1886 2180 1945 2222 at
1980 2187 2053 2224 ue

314 2234 501 2302 nitida,
526 2246 588 2287 ut
612 2233 664 2289 in
691 2236 952 2300 oratione,
980 2235 1306 2308 quamlibet⁸
1334 2237 1496 2302 clara,
1519 2238 1732 2309 proprio
1755 2249 1935 2294 tamen
1984 2261 2059 2294 no

312 2305 459 2360 mine
483 2306 711 2362 eluceat.
756 2309 954 2380 Neque
979 2307 1124 2362 enim
1151 2308 1384 2381 vulgaris
1409 2306 1528 2379 effe,
1553 2328 1654 2364 nec
1677 2310 1924 2381 humilis,
1948 2331 2048 2369 nec
2069 2323 2112 2384 5

367 2494 402 2521 ω’
415 2508 483 2532 om.
505 2493 556 2532 iel.

314 2547 527 2598 politiones
547 2549 599 2588 id.

666 2507 688 2529 n
709 2496 854 2547 cuique
875 2494 927 2535 id.

681 2556 698 2580 Τ
718 2564 783 2589 om.
807 2551 856 2590 G.

376 2726 396 2765 3
407 2727 449 2766 5.
471 2728 565 2770 quos
585 2714 732 2767 motus]
769 2714 939 2771 Repetit
957 2731 998 2770 9,
1016 2727 1050 2766 1,
1074 2727 1117 2758 ι.

314 2772 489 2813 Interim
517 2772 699 2814 nondum
721 2774 873 2822 inveni,
909 2772 982 2829 qui
1012 2782 1141 2816 motus

310 2830 492 2872 dixerit:
544 2831 687 2873 Modos
727 2830 937 2888 appellasse
966 2831 1139 2874 'videtur

312 2888 410 2930 Cic.
444 2888 494 2930 de
527 2890 647 2930 Orat.
675 2904 714 2942 3,
744 2904 796 2941 41
821 2907 832 2930 ι
866 2900 905 2931 et
926 2890 976 2931 ad
998 2890 1139 2932 verba

313 2946 544 3001 ntodfficata
555 2947 668 2988 Part.
683 2963 721 2989 c.
741 2963 759 3000 5
769 2978 780 2997 ‚
795 2947 919 2991 refert
933 2962 980 2989 ea
994 2950 1136 2998 etiam,

311 3018 404 3060 quae
431 3004 757 3059 transfiruntur,
786 3006 829 3048 h.
851 3021 886 3048 e·
922 3007 1137 3063 metapho-

313 3064 415 3105 rica.
479 3063 785 3106 Immutationes
810 3065 919 3107 dixit
948 3065 1071 3107 Brut.
1096 3081 1136 3113 c.

320 3136 388 3171 17.
451 3120 590 3163 Mores
620 3136 668 3164 ex
697 3122 1139 3179 altera'fignificatione

314 3179 493 3220 nominis
531 3181 656 3230 τρὸπῦς
692 3192 893 3226 vocarunt
941 3181 1139 3236 sequioris

312 3238 449 3279 aetatis
469 3236 640 3292 quidam
660 3237 856 3282 rhetores.
903 3241 967 3282 Ne
986 3239 1037 3280 de
1057 3254 1139 3282 mo-

310 3293 373 3337 dis
389 3295 676 3339 substituendis
692 3298 884 3354 cogitem,
904 3296 1003 3340 illud
1019 3296 1140 3349 facit,

314 3352 424 3408 quod
445 3354 611 3396 duobus
640 3356 684 3397 in
715 3356 816 3399 locis
846 3355 923 3399 fine
944 3356 1140 3400 varietate

315 3412 374 3453 ita
396 3410 564 3468 legitur.

378 3485 397 3521 3
410 3485 449 3522 5.
480 3484 568 3510 cum
587 3471 635 3512 dc
654 3469 757 3514 illor.
782 3470 898 3526 officio
928 3471 1030 3530 loq]
1065 3475 1136 3517 Su·

312 3542 387 3586 pra
413 3544 452 3578 1,
479 3544 518 3582 5,
543 3542 585 3581 5.

1021 2500 1040 2521 ⁰
1062 2496 1153 2535 haee
1174 2495 1224 2535 G.
1240 2497 1344 2536 Jens,

953 2551 969 2575 ⁸
986 2549 1166 2602 qualibet
1184 2551 1236 2590 G.

1442 2498 1677 2538 &constanti
1693 2496 1803 2538 sens.
1892 2502 1911 2531 «ι
1935 2510 2050 2556 ⁰⁰⁸¹?

1283 2731 1325 2758 1.
1351 2715 1662 2772 grammaticis]
1685 2717 1810 2768 Vide,
1827 2715 1854 2760 fi
1875 2717 1972 2777 quis
1993 2717 2048 2762 iis

1218 2773 1343 2817 rebus
1354 2774 1585 2826 deleam-is,
1598 2775 1760 2819 Charis.
1777 2776 1807 2818 l.
1819 2792 1865 2830 4.
1883 2793 1924 2834 p.
1944 2792 2046 2831 243.

1218 2832 1281 2890 sq.
1319 2833 1516 2876 Diomed.
1546 2833 1576 2875 l.
1602 2850 1644 2876 2.
1667 2851 1711 2892 p.
1733 2849 1839 2889 450.
1862 2834 1923 2893 sq.
1957 2836 2049 2878 Do-

1218 2899 1366 2934 natum
1403 2907 1445 2950 p.
1490 2907 1620 2947 1775.
1656 2893 1718 2950 sq.
1759 2908 1902 2937 omnes
1943 2893 2050 2944 edit·

1220 2950 1390 2993 Putsch.

1281 3024 1323 3050 2.
1355 3009 1400 3051 in
1431 3009 1577 3053 verbis
1598 3008 1800 3066 propriis]
1833 3011 1901 3054 At
1930 3011 2050 3062 finie-

1219 3081 1301 3116 ηις,
1326 3067 1393 3109 Μ.
1418 3069 1540 3118 Fabi,
1568 3083 1732 3111 omnem
1759 3065 1935 3126 t‘ropum,
1958 3085 2048 3113 mu·

1219 3125 1408 3167 tationem
1420 3125 1537 3168 vocis
1551 3141 1581 3168 a
1587 3126 1761 3183 propria
1759 3127 2053 3185 significatione

1218 3181 1262 3225 in
1278 3182 1456 3226 alienam
1473 3202 1486 3226 .-
1519 3186 1729 3241 quomodo
1749 3187 1883 3244 igitur
1899 3186 1954 3229 est
1971 3187 2051 3238 ali,-

1221 3242 1319 3297 quis
1341 3243 1382 3284 in
1405 3243 1615 3300 propriis?
1649 3245 1723 3286 Sed
1744 3246 1988 3292 omittamus
2009 3253 2052 3288 et

1222 3313 1295 3342 nos
1317 3300 1502 3357 exemplo
1522 3310 1597 3344 tuo
1615 3301 1922 3347 cavillationes:
1954 3311 2051 3346 uta-

1222 3373 1316 3399 mur
1337 3359 1458 3400 bonis
1479 3359 1583 3410 tuis,
1602 3375 1794 3404 ornemus
1822 3363 2051 3415 orationem

1223 3418 1376 3474 tropiS,
1407 3416 1643 3474 disputandi
1672 3419 1723 3463 de
1751 3419 1815 3462 his
1846 3420 2053 3469 subtilita-

1224 3485 1309 3517 tem
1330 3475 1373 3518 in
1394 3473 1531 3518 locum
1550 3475 1960 3523 aliumdifferamus.
