2320 4030
399 351 497 396 300
810 331 884 385 M.
921 332 1134 385 FABII'
1157 334 1726 384 QUINCTILIANI

387 467 480 522 aut
513 470 604 523 suo
631 470 744 542 jam
772 469 975 542 impetu
1007 470 1190 536 fertur,
1217 480 1308 524 aut
1334 470 1532 542 majora
1555 469 1647 522 fibi
1684 468 1878 522 auxilia
1900 489 1965 523 ex
1989 471 2107 542 ipfis

384 540 648 612 sapientiae
675 542 1031 611 penetralibus
1056 543 1218 613 petit:
1255 560 1412 613 quam
1440 541 1494 592 in
1521 540 1686 592 altum
1713 540 1895 592 fimusf
1919 542 2102 607 ablati,

384 611 572 664 sentire
609 613 885 682 coepimus.
961 614 1123 665 Nunc
1150 613 1320 665 coelum
1344 612 1559 682 undique
1595 621 1640 662 et
1663 612 1879 682 undique
1911 623 2102 682 pontus,

385 682 573 743 Unum
614 683 777 734 modo
817 683 867 733 in
909 682 998 734 illa
1037 683 1290 736 immensa
1332 682 1567 735 vastitate
1610 699 1820 752 cernere
1864 682 2162 749 videtum-4

385 753 472 806 M.
498 753 758 819 Tullium,
785 753 876 823 qui
903 763 1079 805 tamen
1107 753 1231 823 ipse,
1296 753 1502 806 uamvis
1534 762 1682 804 tanta
1716 763 1873 821 atque
1911 753 1984 804 ita
2018 753 2102 805 in-

384 824 574 876 structa
607 842 740 875 nave
773 824 878 876 hoc
915 842 1059 875 mare
1100 823 1250 894 ingre
1292 842 1370 887 uS,
1402 823 1667 875 contrahit
1705 823 1836 886 vela,
1863 822 2103 876 inhibet-

385 911 494 964 que
519 912 712 956 remos,
738 903 794 946 et
818 893 884 945 de
911 893 1016 963 ipso
1042 892 1258 946 demum
1285 912 1482 965 genere
1506 892 1738 958 dicendi,
1765 911 1872 964 quo
1898 893 1954 944 fit
1981 893 2102 946 usu-

384 981 475 1016 rus
500 962 761 1035 perfe6tus
786 974 978 1027 orator,
1003 963 1124 1016 satis
1158 963 1321 1016 habet
1353 963 1547 1016 dicere.
1620 964 1698 1015 At
1734 965 1900 1015 nostra
1932 974 2103 1016 teme-

383 1033 512 1086 ritas
550 1033 707 1086 etiam
744 1029 919 1086 mores
962 1034 1010 1086 ei
1050 1034 1328 1086 conabitur
1362 1034 1505 1098 dare,
1533 1043 1588 1086 et
1611 1034 1888 1104 affignabit
1911 1034 2102 1088 officia.

387 1105 470 1157 Ita
494 1123 595 1158 nec
618 1104 1017 1157 antecedentem
1044 1104 1292 1176 consequi
1319 1105 1606 1175 poffumuS,
1633 1115 1687 1156 et
1723 1104 1937 1176 longius
1969 1123 2103 1157 eun-

387 1174 519 1228 dum
562 1175 652 1241 est,
695 1186 758 1228 ut
800 1193 883 1227 res
923 1174 1072 1227 feret.
1149 1175 1441 1227 Probabilis
1482 1185 1658 1226 tamen
1702 1175 1962 1246 cupiditas
2003 1175 2105 1228 ho-

387 1247 670 1311 nestorum,
697 1258 751 1297 et
789 1245 911 1299 velg
945 1245 1155 1316 tutioris
1189 1245 1419 1298 'audaciae
1453 1246 1524 1299 est
1545 1256 1770 1313 tentare,
1794 1245 1986 1317 quibus
2009 1264 2104 1319 pa-

387 1317 554 1370 ratior
580 1317 728 1370 venia
751 1317 849 1369 est.-

457 1389 504 1439 1.
545 1387 626 1439 Sit
663 1405 792 1458 ergo
833 1387 984 1441 nobis
1028 1398 1207 1454 orator,
1233 1405 1395 1459 quem
1433 1386 1751 1440 instituimus
1769 1388 1812 1452 h,
1847 1387 1910 1451 is,
1945 1388 2036 1458 qui
2074 1407 2106 1441 a

385 1458 472 1512 M.
501 1458 707 1511 Catone
742 1458 939 1524 finitur,
967 1459 1053 1510 vir
1090 1459 1256 1522 bonus,
1282 1459 1476 1510 dicendi
1509 1459 1713 1530 peritus.
1787 1460 1986 1510 Verum
2029 1459 2105 1524 id,

385 1529 531 1600 quod
555 1529 644 1580 ille
670 1529 842 1600 posuit
871 1530 1037 1600 priuS,
1063 1529 1254 1581 etiami
1289 1529 1395 1601 ipsa
1426 1539 1612 1581 natura
1645 1527 1821 1599 potius
1848 1547 1910 1582 ac
1935 1529 2108 1599 majus

385 1600 475 1663 est,
501 1599 687 1670 utique
712 1599 798 1651 vir
824 1600 990 1653 bonus,
1067 1599 1131 1652 Id
1154 1618 1260 1653 non
1286 1618 1352 1653 eo
1386 1610 1617 1663 tantum,
1644 1599 1807 1670 quod,
1835 1600 1868 1651 fi
1907 1600 1982 1652 vis
2014 1600 2106 1653 illa

383 1669 595 1722 dicendi
632 1669 886 1722 malitiam
923 1670 1239 1734 instruxerit,
1266 1669 1402 1725 nihil
1434 1670 1493 1722 fit
1523 1670 1752 1742 publicis
1787 1669 2105 1742 privatisque

383 1741 544 1810 {rebus
578 1741 918 1813 perniciofius
957 1741 1291 1812 eloquentia¹
1315 1762 1332 1806 3
1383 1740 1472 1793 sed
1505 1759 1602 1792 nos
1631 1759 1847 1813 quoque
1872 1741 1984 1812 ipfi,
2010 1742 2104 1813 qui

381 1829 480 1882 pro
502 1811 641 1864 virili
670 1822 816 1882 parte
853 1811 1092 1864 conferre
1115 1810 1318 1882 aliquid
1352 1810 1420 1864 ad
1442 1811 1747 1864 facultatem
1775 1811 1987 1864 dicendi
2009 1831 2101 1865 co-

384 1882 496 1935 nati
533 1882 730 1946 sumuS,
777 1883 990 1953 peffime
1024 1901 1319 1935 mereamur
1354 1881 1422 1935 de
1460 1883 1617 1935 rebus
1657 1882 1925 1947 humaniS‚
1952 1883 1984 1934 fi
2023 1883 2100 1935 la-'

383 1951 525 2006 troni
553 1971 920 2022 comparemus
944 1954 1062 2005 haec
1087 1972 1250 2019 arma,
1277 1972 1384 2006 non
1410 1953 1591 2006 militi.
1666 1953 1815 2007 Quid
1850 1953 1916 2006 de
1950 1955 2102 2007 nobis
2126 1966 2156 2005 2

381 2023 437 2093 lo
478 2026 611 2078 uor?
654 2024 851 2076 Rerum
878 2024 982 2094 ipsa
1004 2034 1190 2078 natura
1213 2024 1266 2075 in
1294 2041 1378 2090 e0,
1403 2024 1550 2096 quod
1569 2034 1601 2057 ¹¹¹
1638 2024 1898 2095 praecipue
1922 2024 2102 2078 indul-

385 2095 419 2148 fi
463 2094 775 2164 en'hornini
810 2094 1039 2161 videtur,
1064 2109 1277 2165 quoque
1316 2113 1414 2147 nos
1452 2107 1522 2146 a⁰
1561 2095 1749 2147 ceteris
1784 2095 2103 2149 animalibus

382 2156 777 2237 separaffe,'iibn
804 2183 1013 2236 parens,
1040 2166 1125 2218 sed
1152 2184 1374 2218 noverca
1404 2164 1582 2231 fuerit,
1609 2166 1642 2217 fi
1675 2165 1981 2219 facultatem
2019 2167 2102 2218 di-

382 2236 563 2305 cendi,
588 2236 780 2289 sociam
813 2236 1084 2303 scelerum,
1111 2237 1376 2292 adversam
1410 2235 1749 2303 innocentiae,
1774 2236 1974 2291 hostem
2008 2256 2100 2292 ve·
2139 2250 2141 2252 ’

1948 2418 1959 2446 ῑ
1991 2429 2030 2460 et
2049 2422 2100 2460 id.

1909 2480 1928 2499 ⁰
1960 2490 2028 2515 om.
2049 2477 2101 2516 G.

1371 2420 1390 2445 ’²
1422 2419 1700 2460 constituimus
1717 2421 1838 2460 Jens.>

1466 2480 1485 2498 ¹¹
1519 2473 1732 2512 indulfiffet
1751 2475 1803 2513 G.

379 2398 383 2399 ⁷
440 2416 459 2445 f
485 2421 621 2460 sumus
641 2422 691 2460 G.
709 2422 815 2467 Jens,

383 2473 400 2528 ,¹
428 2474 532 2538 eloq.
553 2476 700 2527 nosque
719 2475 790 2527 ipfi
807 2475 859 2520 G.
873 2474 979 2515 Jens.

948 2426 966 2450 ὅ
997 2435 1065 2461 om.
1086 2422 1136 2460 G.
1155 2420 1261 2459 Jenf.

1088 2479 1120 2500 ¹¹¹
1153 2486 1234 2526 quo
1251 2474 1356 2514 Jens.

1281 2650 1446 2692 locutus
1477 2649 1531 2692 est
1560 2651 1595 2692 F
1598 2650 1743 2702 abius;
1788 2665 1861 2692 nec
1894 2651 2002 2693 enim
2033 2667 2100 2695 re-

1279 2723 1364 2751 mos
1397 2706 1575 2750 inhibent
1609 2717 1748 2750 nautae
1787 2709 1829 2750 in
1869 2708 1946 2751 hoc
1986 2707 2098 2761 aet'u,

1282 2767 1345 2809 sed
1365 2765 1486 2809 remis
1505 2766 1713 2822 agitandis
1742 2767 1946 2818 contrario
1964 2777 2099 2818 motu,
2136 2762 2144 2770 ’

406 2678 409 2681 ι
449 2668 491 2705 3.
541 2650 684 2693 coelum
721 2650 913 2707 undique]
959 2649 1199 2694 Praefidium

383 2726 433 2753 ex
453 2711 529 2753 hoc
551 2709 640 2750 loco
659 2711 812 2766 petitur
831 2709 1010 2764 Virgilio
1028 2711 1137 2752 AEn.
1157 2724 1198 2762 5,

382 2787 431 2822 7ι),
452 2770 525 2812 ubi
554 2767 720 2824 quidam
751 2767 844 2810 libri
864 2767 967 2809 hanc
989 2767 1201 2808 lethonem

385 2827 533 2870 habere
561 2826 784 2878 dicuntur3
815 2823 902 2874 alii,
922 2823 1060 2866 maria
1084 2824 1200 2866 undi-

387 2900 478 2942 que,
506 2892 545 2925 et
577 2882 747 2938 undique
775 2882 933 2924 ca’lum.
996 2883 1038 2923 Si
1072 2883 1199 2925 MSS.

386 2941 559 2999 Virgilii
602 2950 827 2996 repugnent
876 2940 972 2982 huic
1008 2939 1200 2990 'leffionb

387 3001 516 3042 nolim
534 2998 667 3040 Fabio
686 2998 767 3040 solo
786 2997 949 3039 auetore
966 3013 1054 3040 eam
1076 2999 1198 3040 tueri.

387 3057 521 3102 Potest
540 3058 647 3098 enim
669 3055 738 3098 ille
755 3056 950 3097 memoria
970 3055 1092 3097 falsus
1112 3055 1200 3106 effe,

387 3116 514 3174 potest
534 3115 660 3157 alium
678 3112 841 3156 alterius
859 3114 993 3155 locum
1015 3113 1211 3171 respuis-¹

383 3175 448 3218 se:
483 3183 529 3216 ut
561 3172 661 3214 adeo
687 3186 768 3213 non
796 3174 931 3228 magis
956 3171 1076 3213 liceat
1104 3172 1200 3214 Vir-

385 3233 537 3290 gilium
569 3229 662 3272 inde
692 3228 916 3281 emendare,
938 3243 1062 3285 quam
1098 3229 1200 3271 Ovi-

384 3293 556 3333 dianum
586 3287 687 3330 illud
718 3287 849 3329 Trist.
888 3303 926 3336 1,
951 3303 992 3337 2,
1014 3302 1087 3340 23,
1123 3285 1199 3329 Ni-

387 3349 448 3393 hil
462 3348 513 3405 est
531 3346 602 3402 ng'fi
618 3366 623 3371 ·
645 3353 756 3388 ontus
774 3352 812 3385 et
831 3346 922 3386 afr.

446 3422 492 3459 4.
522 3404 607 3447 inh'
631 3412 743 3460 etque
771 3403 918 3455 remos]
959 3401 1123 3444 Laudat
1151 3401 1201 3444 de

382 3465 463 3507 hac
511 3460 688 3505 formula
735 3461 996 3503 Burmannus
1035 3459 1202 3501 Grono-

386 3524 505 3565 vium
530 3520 632 3563 Obs.
653 3533 699 3572 4,
720 3521 792 3567 26,
815 3518 888 3574 qui
919 3517 1040 3559 remis
1067 3517 1203 3575 legen-

391 3581 490 3623 dum
527 3578 672 3629 censet,
704 3585 744 3621 et
779 3575 1004 3634 persuadet,
1038 3574 1064 3619 fi
1098 3576 1204 3619 reete

1281 2838 1439 2866 navem
1467 2822 1658 2873 inhibent,
1687 2838 1735 2866 ne
1766 2825 1901 2867 versus
1936 2840 2098 2882 proram

1284 2890 1444 2939 pergat,
1479 2881 1543 2924 sed
1581 2891 1688 2923 retro
1719 2892 1784 2924 eat
1823 2883 1863 2924 in
1893 2885 2096 2940 puppim3

1283 2939 1363 2990 vel,
1396 2947 1446 2980 ut
1475 2939 1525 2981 sic
1557 2939 1749 2996 appellat,
1781 2949 1821 2981 et
1856 2940 1987 2982 statim
2021 2941 2097 2983 sol·-

1282 2998 1412 3041 vendo
1433 3006 1574 3054 parata
1598 2997 1674 3050 fit3
1705 2996 1786 3046 vel,
1808 3008 1855 3040 ut
1883 2998 2098 3056 paullatim

1282 3056 1508 3098 retrocedat
1537 3054 1638 3112 fuga
1666 3055 1916 3109 honestiore3
1951 3057 2030 3106 vel,
2051 3069 2097 3101 ut

1282 3113 1481 3171 impetum
1511 3115 1647 3169 capiat
1674 3113 1865 3168 denique.
1928 3115 2003 3156 Sed
2027 3131 2096 3157 co-

1281 3170 1491 3227 piosissime
1523 3170 1595 3213 ista
1622 3186 1799 3229 magnus
1830 3173 1908 3222 vir,
1930 3173 2097 3215 Grono-

1283 3243 1394 3272 vius.

1341 3289 1381 3336 I,
1407 3302 1447 3328 1.
1479 3301 1509 3327 a
1543 3288 1610 3330 M.
1633 3288 1805 3341 Catone]
1838 3289 1968 3340 Cujus
2003 3288 2097 3331 fini-

1281 3345 1434 3387 tionem
1464 3346 1688 3387 invertebat
1720 3347 1949 3388 Herennius
1979 3347 2097 3387 Sene-

1282 3403 1349 3445 cio
1388 3400 1430 3444 in
1468 3402 1678 3460 Regulum
1716 3403 1871 3454 dicens,
1910 3403 1978 3461 Est
2019 3404 2098 3446 vir

1282 3459 1429 3511 malus,
1449 3460 1604 3504 dicendi
1616 3460 1842 3518 imperitus,
1858 3461 1968 3520 apud
1983 3461 2093 3507 Plin.

1283 3520 1366 3576 Ep·
1389 3532 1433 3572 4,
1455 3533 1496 3572 7,
1522 3535 1563 3575 5·
2079 3520 2084 3527 ”
