2320 4030
304 340 399 390 128
692 338 766 388 M.
802 337 1011 388 EABII
1048 337 1635 389 QUINCTILIANI

294 475 625 529 orationemf
663 485 962 548 opportune
996 475 1196 546 pofitae,
1240 474 1317 527 ita
1356 472 1696 545 ineptiflimas
1739 473 1861 540 effe,
1898 490 2028 530 cum

296 545 586 600 immodice
610 556 865 618 petuntur
877 560 919 599 g.
995 548 1152 612 Sunt,
1179 545 1274 617 qui
1299 543 1547 616 neglecto
1570 564 1749 599 rerum
1773 545 2027 617 pondere,

296 628 352 682 et
378 617 580 672 viribus
604 618 1002 682 sententiarum,
1028 618 1061 670 fi
1098 614 1184 670 vel
1219 616 1396 669 inania
1429 617 1592 670 verba
1614 617 1670 670 in
1695 616 1798 676 hos
1833 616 2027 671 modos

294 689 630 761 depravarint
646 690 689 754 ¹¹,
722 689 957 741 summos
994 688 1047 741 se
1076 685 1326 759 judicent
1363 681 1608 754 artificeS,
1641 687 1873 761 ideoque
1911 706 2025 742 non

289 759 539 814 desinunt
562 779 652 814 eas
677 760 920 813 nectere:
961 759 1123 830 quas¹
1162 759 1267 811 fine
1300 758 1558 812 sententia
1591 759 1773 812 seEtari
1808 770 1921 813 tam
1952 758 2027 814 est

295 830 605 896 ridiculum,
631 850 797 903 quam
841 848 1078 902 quaerere
1119 829 1366 884 habitum
1406 831 1720 903 gestumque
1758 830 1863 884 fine
1900 848 2023 885 cor·

294 921 444 974 pore.
507 903 614 956 Sed
637 920 704 956 ne
727 902 814 954 hae
837 900 1078 972 quidem,
1103 917 1227 974 quae
1249 902 1392 954 reete
1417 901 1574 969 fiunt,
1600 901 1877 955 densandae
1902 902 2024 956 sunt
2046 921 2118 955 τοι

295 973 494 1027 nimis:
534 992 659 1027 nam
695 973 776 1026 et¹
810 971 992 1026 vultus
1025 973 1276 1038 mutati0,
1308 971 1694 1044 oculorumque
1730 972 2025 1045 conjectuS,
2083 1014 2086 1016 ψ

295 1044 535 1098 multum
574 1045 632 1098 in
676 1044 802 1098 actu
842 1043 1021 1097 valet:
1059 1043 1152 1096 sed
1191 1043 1226 1096 fi
1271 1042 1392 1115 quis
1434 1043 1630 1097 ducere
1659 1062 1721 1096 os
1753 1043 2028 1115 exquisitis

297 1113 492 1182 modiS,
517 1124 575 1169 et
611 1114 804 1168 frontis
844 1132 908 1167 ac
942 1112 1214 1169 luminum
1250 1114 1596 1167 inconstantia
1627 1115 1890 1186 trepidare
1915 1132 2026 1170 non

297 1186 516 1254 desinat,
541 1186 797 1241 rideatur.
866 1187 942 1239 Et
968 1185 1139 1239 oratio
1158 1196 1192 1219 ¹³¹
1230 1185 1464 1239 habeatn
1502 1187 1702 1239 rectam
1737 1185 2027 1257 quamdam

298 1274 515 1312 VELUT
542 1257 737 1312 faciem
755 1280 783 1312 :¹
809 1276 933 1341 quae
957 1268 1020 1311 ut
1043 1258 1246 1330 stupere
1280 1256 1550 1310 immobili
1579 1257 1757 1328 rigore
1794 1276 1902 1311 non
1927 1257 2024 1311 de-

296 1330 469 1394 bebit,
497 1330 575 1384 ita
608 1330 798 1402 saepius
832 1348 887 1382 m
926 1347 1008 1396 ea,
1034 1342 1198 1401 quam
1228 1338 1416 1382 natura
1449 1328 1618 1393 dedit,
1642 1327 1815 1400 specie
1846 1329 2024 1382 conti-

298 1401 474 1454 nenda
514 1402 603 1455 est.
679 1400 971 1455 Sciendum
1011 1418 1136 1455 vero
1176 1399 1232 1452 in
1272 1399 1477 1472 primis,
1518 1398 1650 1472 quid
1697 1399 1921 1472 quisque
1967 1401 2023 1454 in
2048 1416 2126 1451 τοι

297 1472 497 1526 orando
532 1473 760 1546 postulet
796 1470 944 1539 locus,
976 1471 1110 1544 quid
1143 1472 1369 1545 perfina,
1395 1471 1530 1544 quid
1568 1480 1660 1523 tem
1694 1492 1771 1526 us,
1845 1472 2028 1544 Major

294 1543 442 1596 enim
481 1563 598 1616 pars
641 1545 832 1597 harum
871 1543 1160 1616 figurarum
1209 1543 1377 1615 pofita
1420 1543 1493 1597 est
1539 1541 1595 1595 in
1685 1542 2026 1600 elediatione.

296 1615 414 1668 Ubi
450 1635 575 1668 vero
607 1615 905 1681 atrocitate,
928 1613 1148 1681 invidia,
1173 1614 1509 1668 miseratione
1542 1614 1896 1686 pugnandum
1933 1615 2029 1683 est,

297 1682 419 1756 quis
444 1686 576 1740 ferat
609 1686 992 1758 contrapofitiS,
1018 1696 1074 1739 et
1096 1685 1291 1758 pariter
1325 1686 1662 1751 cadentibUS,
1687 1695 1742 1739 et
1777 1686 2026 1740 consimi-

297 1757 441 1812 libus
466 1759 795 1824 irascentem,
820 1759 1058 1823 flentem,
1084 1760 1404 1829 rogantem?
1447 1776 1574 1812 cum
1605 1756 1662 1810 in
1681 1764 1702 1786 ⁰
1742 1757 1829 1811 his
1864 1758 2030 1813 rebus

297 1847 429 1882 cura
452 1831 733 1884 verborum
768 1830 995 1902 deroget
1026 1828 1306 1882 affefflibus
1335 1827 1530 1882 fidemz
1559 1838 1644 1896 et,
1674 1846 2030 1904 umcumque

298 1918 382 1954 ars
404 1901 707 1968 ostentatur,
733 1901 925 1954 veritas
943 1912 965 1944 Ρ
988 1900 1158 1955 abeffe
1184 1899 1439 1955 videatur.

366 1973 474 2026 IV.
512 1973 651 2039 De†
690 1971 1014 2044 compesitione
1047 1990 1154 2024 non
1193 1971 1442 2042 equidem
1478 1972 1590 2043 post
1614 1972 1862 2026 Marcum
1887 1970 2027 2026 Tul-

298 2042 433 2098 lium
458 2043 680 2098 scribere
705 2045 977 2110 auderem,
1011 2043 1122 2112 (cui
1148 2042 1320 2095 nescio
1345 2061 1409 2095 an
1437 2044 1547 2096 ulla
1571 2062 1691 2115 pars
1719 2063 1752 2096 o
1793 2043 1895 2097 eris
1919 2043 2028 2098 hu-

288 2114 384 2187 jus
429 2115 490 2168 fit
529 2115 705 2187 magis
746 2115 1037 2182 elaborata)
1068 2114 1160 2166 nisi
1198 2126 1254 2167 et
1289 2114 1524 2186 ejusdem
1561 2116 1732 2168 aetatis
1754 2062 2030 2185 iiomines,

300 2186 505 2258 scriptis
530 2185 596 2239 ad
633 2187 800 2258 ipsum
841 2187 1003 2239 etiam
1023 2196 1045 2228 ‘1
1082 2185 1272 2250 literis,
1300 2184 1684 2257 reprehendere
1723 2186 1812 2239 idr
1852 2186 2030 2242 collo-

301 2259 458 2312 candi
501 2277 674 2330 genus
717 2257 820 2310 anfi
864 2257 1096 2322 fuissent,
1123 2267 1180 2309 et
1215 2258 1326 2328 post
1364 2276 1490 2310 eum
1533 2257 1713 2340 piures
1750 2255 1926 2311 multa
1958 2257 2031 2313 ad

292 2330 544 2383 ‘eamdem
591 2348 705 2382 rem
748 2329 1066 2400 pertinentia
1103 2328 1377 2381 memoriae
1418 2328 1764 2383 tradidissent.
1838 2329 2084 2413 Itaque2

300 2400 551 2454 accedam
571 2410 586 2432 ⁵
620 2401 674 2453 in
702 2401 964 2472 plerisque
991 2399 1260 2466 Ciceroni,
1287 2410 1449 2471 atque
1471 2399 1528 2455 in
1553 2400 1618 2454 iis
1644 2419 1756 2466 ero,
1780 2419 1901 2473 quae
1937 2420 2028 2455 m-

299 2471 545 2525 dubitata
590 2473 726 2536 sunt,
770 2471 1016 2525 brevior:
1076 2471 1132 2523 in
1176 2471 1494 2543 quibusdam
1540 2472 1779 2544 paullum
1822 2471 2032 2527 fortafl'e

299 2542 616 2596 dissentiam.
691 2545 837 2596 Nam
861 2543 1022 2595 ctiam
1049 2561 1176 2595 cum
1202 2541 1477 2613 judicium
1512 2562 1692 2596 meum
1732 2543 2035 2611 ostendero„

297 2615 450 2668 suum
479 2624 656 2666 tamen
684 2613 992 2686 legentibus
1014 2613 1338 2685 relinquam.
1409 2614 1608 2687 Neque
1643 2616 1836 2687 ignoro
1867 2617 2025 2687 quos·
2047 2623 2081 2680 3

301 2684 426 2739 dam
451 2685 570 2752 effe,
596 2685 692 2758 qui
717 2704 900 2739 curam
923 2703 1142 2739 omnem
1165 2684 1506 2759 compositionis
1527 2685 1840 2755 excludant,
1863 2697 2031 2760 atque

356 2837 375 2867 f
400 2842 598 2880 orationes
615 2841 721 2880 Jens.
856 2845 875 2871 ³
907 2849 1093 2892 petantur
1108 2842 1213 2882 Jens.
1350 2840 1371 2866 ¹¹
1403 2841 1667 2890 depravarunt
1684 2842 1736 2882 G.
1873 2840 1884 2868 ἲ
1917 2843 2032 2895 quasi

301 2907 379 2935 nec
399 2896 613 2934 substantia
629 2895 735 2934 Jens.
763 2894 977 2934 substantia
996 2896 1106 2933 etiam
1126 2897 1179 2934 G.
1316 2896 1328 2926 ¹
1354 2910 1422 2934 om.
1443 2897 1493 2936 G.
1513 2897 1621 2935 Jens.
1755 2904 1786 2927 m
1812 2904 1943 2937 orator
1958 2898 2031 2938 iid.

300 2957 323 2979 ¹²
351 2950 475 2988 habet
494 2951 546 2988 G.
682 2954 700 2972 ⁰
732 2957 871 2987 tamen
891 2950 942 2987 G.
957 2951 1046 2997 J'am
1064 2950 1171 2988 Jens.
1297 2954 1317 2982 P
1343 2950 1511 2989 varietas
1527 2950 1634 2989 Jens.
1653 2949 1762 2989 male.
1887 2956 1919 3002 †
1949 2953 2030 2992 Hoc

301 3012 414 3055 caput
432 3018 513 3042 cum
535 3003 702 3042 Gothano
721 3002 813 3040 libro
832 3003 1034 3040 contulerat
1054 3003 1201 3042 Liebius
1222 3002 1236 3040 ὅ
1254 3004 1459 3057 pasnagia-nc
1476 3004 1515 3041 in
1531 3004 1622 3043 Aa.
1640 3005 1760 3044 Erud.
1786 3004 1884 3057 Lips.
1908 3014 2029 3054 1721.

293 3067 341 3112 p.
364 3067 430 3107 71,
437 3058 502 3151 ἐς.
521 3057 621 3151 εἴη-ζ’ἕς
626 3057 813 3110 judicium
832 3057 1012 3099 interdum
1033 3056 1239 3100 laudamus.
1398 3064 1423 3098 <1
1449 3071 1518 3098 om.
1537 3059 1644 3098 Jens.
1755 3091 1757 3094 Α
1797 3066 1815 3091 ¹·
1839 3058 1905 3100 vel
1919 3061 2030 3102 Jens.

301 3120 317 3142 ⁸
347 3123 444 3152 acce
473 3123 525 3152 an
561 3125 574 3150 1
604 3140 614 3151 .

362 3249 447 3299 IV,
471 3264 512 3291 x.
557 3247 728 3306 ejusdem
763 3244 898 3289 aetatis
925 3245 1123 3301 homines]
1212 3261 1255 3290 1.
1287 3249 1378 3306 Qo
1405 3247 1451 3292 in
1474 3262 1626 3305 genere
1642 3249 1800 3293 Brutus
1814 3248 2029 3308 nesterqffe

304 3307 486 3350 Brutum
507 3305 654 3363 fignat,
673 3306 723 3347 de
743 3319 829 3362 quo
855 3305 904 3346 ad
926 3305 1028 3347 Att.
1054 3319 1127 3357 14,
1208 3304 1324 3357 vult,
1342 3315 1383 3348 et
1400 3309 1505 3365 quod
1518 3307 1721 3364 judicium
1748 3307 1869 3351 hahet
1888 3309 1939 3351 de
1956 3317 2027 3367 op-

304 3380 379 3420 20,
418 3364 615 3415 Tullius,
655 3361 1032 3420 Cum—scripsffem
1070 3364 1133 3406 ad
1207 3363 1304 3407 timo
1327 3379 1480 3420 genere
1507 3365 1679 3416 dicendi,
1699 3366 1746 3408 id
1768 3365 1831 3409 ita
1848 3368 2029 3425 conficu-

303 3437 395 3466 eum
427 3423 476 3464 de
508 3421 649 3478 optimo
678 3435 827 3478 genere
857 3420 1032 3471 dicendi,
1051 3435 1128 3465 non
1209 3429 1275 3464 tus
1292 3424 1346 3479 est
1371 3422 1415 3464 in
1443 3437 1495 3465 ea
1522 3422 1718 3475 oratione,
1737 3433 1782 3467 ut
1804 3422 2031 3481 elegantius

308 3482 419 3523 modo
452 3478 567 3531 mihi,
588 3480 668 3538 sed
697 3479 822 3522 etiam
854 3477 927 3521 tibi
951 3478 1128 3537 scripsit,
1209 3481 1281 3537 effe
1297 3480 1404 3524 nihil
1411 3482 1536 3537 poffit.
1582 3483 1665 3524 Sed
1690 3497 1711 3525 e
1741 3497 1761 3525 o
1777 3481 1890 3540 Jblus
1919 3481 2030 3527 alius

290 3538 375 3591 fibi
405 3537 519 3588 illud,
554 3538 660 3594 quod
687 3534 786 3580 mihi
818 3536 1018 3593 placeret,
1052 3551 1130 3582 non
1197 3539 1322 3598 ficm5
1339 3539 1440 3596 five
1457 3539 1527 3584 hoc
1543 3541 1669 3594 rede,
1678 3498 1775 3599 χὲυε
1793 3555 1870 3584 non
1888 3539 2013 3588 recle.
2053 3581 2055 3583 ,

295 3595 484 3654 probari.
531 3596 696 3640 Indicat
725 3595 835 3641 idem
855 3594 905 3639 ad
926 3595 1030 3640 Att.
1058 3610 1129 3652 ις,
2012 3620 2028 3631 -γ
