2320 4030
321 333 421 382 144
713 316 790 366 Μ.
825 314 1030 365 FABH
1066 307 1648 368 QUINCTILIANI

312 452 525 526 pofitio,
551 453 738 522 πρῶτον
761 455 864 519 μὲν,
889 449 928 503 ὦ
960 449 1116 519 ἄνδρες
1145 444 1397 517 Ἀθηναῖοι,
1419 458 1512 512 τοῖς
1535 457 1659 512 θεοῖς
1692 449 1890 523 εὖχομιη
1909 453 2041 506 πᾶσι

317 524 369 594 ις’
386 523 573 582 πείσαις’
595 544 607 576 :
647 534 703 576 et
726 523 837 588 illa,
863 542 986 594 quae
1008 523 1075 575 ab
1099 541 1210 576 uno
1251 523 1417 594 (quod
1453 523 1633 594 sciam)
1662 525 1832 578 Bruto
1859 524 2038 578 minus

315 594 588 666 probatur,
629 594 818 648 ceteris
861 594 1055 664 placet,
1097 594 1184 663 κᾷν
1231 595 1398 663 μήπωἰ
1445 594 1633 664 βάλλῃ,
1666 597 1787 662 ,μηδὲ
1833 593 2034 664 rogam
2118 658 2121 659 ⁷

315 680 427 720 non
446 665 470 696 k
493 665 701 730 desunt,
719 666 809 737 qui
840 665 1155 718 Ciceronem
1179 674 1397 736 carpant
1418 663 1473 716 in
1499 664 1604 730 his,
1625 665 1915 719 Familiaris
1938 685 2034 717 σω·
2057 665 2130 733 64

312 737 563 808 peratffe
583 737 874 801 balneatori,
889 747 961 799 et,
983 754 1089 788 non
1113 734 1294 787 minus
1312 735 1465 789 dura¹
1490 736 1812 808 archipirata·
1829 758 1844 789 .-
1871 738 2038 788 namni

319 808 597 860 balneatori
628 820 684 860 et
708 807 1029 878 archipiratae
1053 806 1195 859 idem
1220 805 1340 859 finis
1366 807 1454 871 est,
1480 807 1574 879 qui
1598 809 1724 858 τεοῖο-ι
1759 806 1802 877 κζ,
1830 806 2037 866 πάσαις,

315 887 373 931 et
393 887 414 911 ¹¹
451 878 545 950 qui
570 881 683 946 μηδὲ
700 882 721 904 ⁰
744 877 900 946 τοξεύῃ
924 897 937 929 :
975 877 1063 930 sed
1103 877 1310 949 propria
1329 887 1350 920 P
1389 876 1528 943 sunt,
1554 878 1677 930 ideo
1714 877 1971 931 severiora
1990 887 2034 930 q.

315 948 407 1002 Est
431 949 484 1001 in
512 968 576 1002 eo
611 965 827 1020 quoque
865 948 1129 1014 nonnihil,
1157 947 1303 1019 quod
1335 948 1427 1001 hio
1463 947 1682 1021 fingulis
1711 949 1888 1002 verbis
1922 949 2037 1002 bini
2059 950 2125 1026 63

314 1021 478 1092 pedes
525 1019 885 1083 continentur,
932 1018 1078 1092 quod
1128 1020 1290 1072 etiam
1335 1019 1392 1072 in
1437 1019 1762 1073 carminibus
1798 1020 1872 1077 est
1914 1037 2036 1091 per-
2122 1054 2126 1063 ι

314 1091 478 1144 molle
501 1111 515 1142 ε
554 1109 652 1143 nec
678 1089 848 1143 solum
871 1091 966 1144 ubi
990 1091 1169 1163 quinae
1193 1089 1408 1162 syllabae
1435 1090 1738 1156 nefituntur,
1763 1101 1827 1144 ut
1851 1091 1907 1143 in
1932 1091 2037 1157 his,

315 1161 593 1232 Fortifflma
631 1161 1071 1232 Tyndaridarum.-
1110 1160 1198 1215 sed
1232 1161 1394 1215 etiam
1425 1163 1556 1215 ubir
1631 1173 1882 1228 uaternae,
1910 1159 2037 1216 cu'm

314 1223 491 1286 versus
511 1232 746 1286 cluditur
769 1233 1051 1306 Apennino,
1077 1243 1131 1285 et
1155 1234 1491 1300 armamentis,
1517 1242 1572 1286 et
1645 1233 1788 1286 riona
1804 1243 1840 1288 ³.
1882 1233 2035 1288 'Qua-
2057 1234 2129 1286 66

313 1323 370 1358 re
413 1305 547 1358 hoc‘
592 1308 808 1376 quoque
852 1303 1125 1358 vitandum
1165 1306 1255 1370 est,
1297 1322 1365 1356 ne
1405 1302 1640 1377 plurium
1676 1304 1993 1377 syllabarum
2011 1304 2056 1340 ¹³·

313 1377 488 1429 verbis
513 1387 728 1430 utamur
749 1375 805 1427 in
832 1375 955 1430 fine.
1029 1375 1232 1429 Mediis
1257 1394 1472 1448 quoque
1497 1394 1605 1429 non
1631 1393 1693 1429 ea
1716 1376 1879 1429 modo
1911 1385 2040 1431 cura

315 1447 393 1512 fit,
412 1448 483 1500 ‘ut
519 1447 657 1500 inter
695 1444 746 1499 se
785 1447 1085 1500 cohaereant
1103 1457 1147 1513 Χ,
1184 1446 1272 1499 sed
1305 1465 1373 1500 ne
1407 1447 1579 1520 pigra,
1607 1465 1676 1500 ne
1705 1446 1870 1520 longa
1901 1448 2034 1502 fint:

311 1537 400 1585 ne,
428 1519 574 1590 quod
612 1536 755 1570 nunc
792 1517 1089 1583 maximum
1109 1527 1133 1549 ²
1170 1518 1360 1572 vitium
1389 1519 1478 1585 est,
1506 1518 1746 1572 brevium
1777 1527 2038 1574 contextu

311 1590 585 1654 resultent,
612 1608 674 1642 ac
709 1589 893 1642 sonum
931 1589 1158 1642 reddant
1191 1606 1326 1661 pene
1361 1588 1645 1661 puerilium
1681 1590 2036 1662 crepitaculo-

311 1681 448 1717 rum.
525 1663 671 1714 Nam
713 1673 774 1714 ut
810 1659 966 1713 initia
1000 1659 1358 1733 clausulaeque
1439 1660 1693 1714 lurimum
1735 1663 2125 1732 momenti²67

311 1731 533 1798 habent,
562 1730 773 1803 quoties
813 1731 1004 1803 incipit
1042 1731 1240 1797 sensuS,
1267 1742 1358 1785 aut
1432 1732 1611 1786 efinit:
1652 1733 1718 1787 fic
1756 1733 1812 1786 in
1845 1733 2036 1788 mediis

311 1822 524 1875 quoque
548 1803 668 1857 sunt
691 1803 913 1873 quidam
939 1813 1182 1869 conatuS,
1207 1803 1300 1874 qui
1336 1802 1525 1856 leviter
1547 1803 1864 1857 interfistunt
1876 1807 1919 1870 ¹²,
1950 1821 2035 1859 ΠΤ

308 1874 633 1928 currentium
670 1892 764 1945 pes
783 1884 802 1907 ⁰
845 1873 1007 1927 etiam
1053 1874 1088 1926 fi
1125 1893 1233 1927 non
1269 1886 1526 1941 moratur,
1554 1884 1731 1928 tamen
1757 1875 2036 1959 vestigium

306 1945 454 2000 facit.
529 1947 726 2019 Itaque⁴
746 1963 850 1998 non
878 1945 1043 1999 modo
1068 1946 1310 1999 membra
1332 1957 1495 2020 atque
1527 1946 1689 2001 incisa
1718 1947 1858 2001 bene
1892 1947 2033 2001 mci-

1805 2115 1818 2142 ¹
1848 2116 1940 2156 Vid.
1960 2116 2035 2168 leg.

1733 2175 1754 2195 ⁰
1783 2167 1829 2208 αὖ
1846 2171 1888 2210 τὸ
1906 2170 1964 2223 ζῇν
1980 2171 2033 2214 G.

1716 2232 1733 2257 ⁸
1761 2225 1913 2264 Orione
1926 2226 2034 2264 Jens.

1732 2283 1751 2304 ²
1783 2280 1964 2318 maxime
1982 2279 2037 2326 G,

362 2110 374 2139 ἶ
404 2114 513 2164 {avia-m
530 2113 731 2165 Βαλλοίμην
747 2112 794 2153 αὖ
809 2114 850 2155 τὸ
870 2114 930 2168 ζῇν
949 2116 1000 2155 G.
1137 2115 1156 2141 k
1189 2129 1274 2156 non
1292 2116 1370 2156 des.
1391 2117 1459 2168 qui
1479 2131 1547 2157 om.
1566 2117 1674 2158 Jens.

305 2168 420 2208 duro.
556 2177 584 2195 ¹¹¹
619 2171 926 2221 nam—archip.
945 2185 1013 2210 om.
1033 2169 1084 2210 G.
1103 2171 1210 2211 Jens.
1353 2177 1373 2195 ¹¹
1405 2185 1474 2210 om.
1492 2172 1600 2211 Jens.

309 2227 330 2254 Ρ
357 2223 485 2274 priora
502 2223 553 2262 G.
572 2224 679 2262 Jens.
1269 2229 1285 2249 ¹'
1315 2239 1385 2264 om.
1407 2225 1458 2264 G.
1475 2226 1583 2265 Jens.

309 2281 322 2306 ⁸
355 2278 422 2315 hic
443 2277 495 2316 G.
512 2278 617 2316 Jens.
1234 2284 1259 2308 Χ
1287 2281 1485 2318 cohaereat
1505 2280 1557 2319 G.

1218 2336 1235 2359 ²
1267 2344 1453 2373 concurr.
1473 2334 1525 2373 G.

833 2230 850 2255 ‘¹
884 2227 1036 2263 veriora
1053 2225 1106 2264 G.

779 2281 800 2302 ²¹
834 2278 898 2317 his
917 2278 984 2332 iff-
1005 2279 1072 2317 iid.

309 2335 327 2355 ³
360 2332 503 2370 morati
524 2331 576 2371 G.
684 2328 702 2356 b
733 2331 916 2372 insistunt
934 2334 985 2373 G.
1001 2333 1110 2373 Jens.

311 2463 444 2508 minus
470 2465 578 2508 dura
609 2465 773 2522 (malim
801 2466 923 2522 duro)
945 2466 1038 2510 sunt
1060 2468 1131 2522 ju·
1212 2468 1328 2512 seniis
1349 2467 1534 2527 Dionyfii
1554 2483 1594 2512 c.
1618 2481 1692 2512 22.
1743 2468 1866 2511 Certe
1883 2467 1935 2512 ad
1955 2467 2034 2512 tri-

310 2523 470 2566 dicium
513 2539 671 2577 eorum,
709 2526 785 2583 qui
831 2525 1133 2583 reprehendunt
1196 2527 1362 2584 stitiam
1398 2525 1539 2570 referri
1584 2526 1654 2570 hic
1668 2523 1673 2532 ”
1685 2526 1913 2586 severiora
1950 2541 2034 2570 non

310 2581 569 2625 Ciceronem.
874 2621 877 2623 Α
1213 2584 1392 2643 possunt,
1410 2600 1506 2628 cum
1525 2584 1661 2628 statim
1685 2584 1878 2643 permolle
1894 2585 1947 2629 de
1963 2599 2034 2628 ea-

364 2642 436 2693 64.
441 2642 524 2698 sed
531 2639 993 2699 propria—severiora]
1016 2641 1058 2684 Si
1072 2641 1132 2685 ita
1212 2645 1305 2687 dem
1327 2660 1370 2687 re
1387 2644 1566 2686 dicatur.
1887 2670 1890 2671 ν
2019 2667 2027 2676 ·

311 2698 426 2740 dedit
455 2700 629 2750 Fabius,
649 2701 761 2756 quod
790 2699 967 2741 dubium
998 2699 1134 2754 reddit
1286 2705 1308 2743 6
1320 2718 1361 2756 ς.
1407 2700 1628 2755 Fortffma
1675 2699 2029 2761 Undart‘darum]

311 2756 494 2798 indicata
516 2757 631 2814 supra
650 2759 843 2806 varietas,
866 2757 1039 2813 propria
1058 2773 1132 2799 vo-
1214 2760 1286 2802 Est
1308 2762 1415 2803 Hor.
1439 2761 1523 2802 Sat.
1549 2775 1592 2810 1,
1615 2774 1655 2810 1,
1680 2775 1780 2802 100.
1814 2761 1881 2803 De
1899 2760 2034 2816 Apen-

313 2817 424 2857 cavit
445 2816 612 2857 nomina
630 2815 858 2858 balneatori
885 2825 925 2856 et
953 2815 1132 2872 archipi-
1213 2818 1306 2861 nino
1338 2821 1440 2861 bene
1471 2818 1648 2868 monuit,
1668 2818 1743 2875 qui
1771 2817 1847 2860 dili
1881 2817 2033 2861 entissi-

312 2881 438 2922 ratae,
468 2875 497 2915 i.
519 2888 557 2915 e.
590 2874 900 2916 accommodata
929 2882 970 2915 et
997 2875 1131 2917 neces-
1213 2888 1308 2919 mus
1326 2877 1381 2920 est
1398 2877 1441 2919 in
1463 2876 1720 2933 requirendis
1738 2885 1780 2918 et
1797 2875 1847 2918 in·
1873 2876 2031 2920 'candis

312 2931 416 2973 saria
437 2931 536 2972 adeo
556 2931 654 2975 huic
673 2931 865 2982 orationi,
883 2940 930 2973 ut
956 2931 1131 2997 superse-

1211 2935 1336 2978 Fabii
1355 2934 1610 2985 testimoniis,
1629 2932 1868 2985 Philander‚
1888 2934 2032 2992 respici

311 2990 398 3031 deri
419 2989 500 3031 illis
521 3004 601 3031 non
627 2991 836 3047 potuerit;
867 2998 908 3031 et
927 2990 980 3031 ob
1003 2990 1043 3032 id
1066 2991 1130 3048 ip-

311 3048 400 3089 sum
415 3046 654 3104 severiora,
675 3048 751 3090 hoc
779 3046 850 3097 est,
870 3051 1008 3104 magis
1026 3050 1129 3092 emi·

310 3106 466 3155 nentia,
487 3114 528 3148 et
547 3104 730 3149 ferientia
758 3105 901 3149 oculos
919 3122 932 3158 ς
964 3115 1012 3148 ut
1030 3105 1128 3149 colo-

310 3178 374 3206 res
405 3162 555 3221 austeri
584 3163 694 3214 sunt,
713 3165 787 3221 qui
821 3164 976 3206 lumine
994 3164 1129 3207 vivaci

309 3223 584 3279 perstringunt
609 3222 757 3266 visum.
789 3222 890 3264 Vid.
918 3220 1046 3263 Salm.
1076 3223 1130 3265 ad

312 3280 437 3323 Solin.
460 3295 504 3337 p.
527 3294 624 3332 140.
647 3281 671 3323 s
698 3311 708 3322 .
742 3281 806 3325 Sic
827 3279 858 3322 s.
875 3295 948 3338 97.
968 3282 1018 3322 de
1038 3281 1127 3323 Do-

311 3338 450 3380 thimo
485 3338 584 3395 pede
603 3338 675 3396 sta
701 3337 767 3382 ilis
797 3337 841 3381 in
874 3337 1061 3396 clausulis
1088 3347 1129 3381 et

295 3398 495 3462 severus.
552 3397 618 3440 Sic
658 3397 808 3455 ipsum,
846 3396 959 3452 quod
1003 3397 1128 3439 modo

309 3453 587 3505 laudavimus,
623 3455 786 3514 austera
825 3453 1127 3512 compositionis

310 3513 516 3567 epitheton
537 3513 589 3554 est
612 3514 717 3555 infra
736 3513 768 3555 s.
797 3515 895 3562 128,
913 3522 954 3555 et
979 3527 1127 3555 conve-

292 3571 373 3632 Ιιιίῑ
406 3583 503 3613 cum
536 3571 672 3626 αίςηςςῖ
692 3572 837 3626 ἁρμονίᾳ
865 3570 1127 3629 Halicarnas-

1213 2992 1265 3034 ad
1293 2992 1421 3035 Perfii
1445 3007 1486 3043 ι,
1505 3007 1546 3043 1,
1569 3007 1642 3048 95.
1671 2992 1748 3036 ubi
1774 2992 1827 3034 de
1859 3006 2031 3036 numero

1210 3060 1251 3091 et
1273 3050 1469 3104 junb'tura
1487 3051 1611 3093 etiam
1630 3049 1878 3108 disputatur.
1911 3051 2029 3092 Lau-

1209 3108 1283 3150 dat
1303 3110 1413 3152 idem
1441 3109 1572 3152 ovid.
1594 3107 1705 3152 Met.
1729 3123 1772 3159 2,
1793 3110 1897 3151 226.
1949 3107 2030 3151 Ar-

1209 3166 1425 3210 mamentis
1471 3165 1600 3209 Ovid.
1640 3166 1752 3208 Met.
1806 3181 1877 3216 11,
1921 3168 2029 3220 456·

1211 3223 1368 3267 Oriona
1388 3224 1511 3281 Virg.
1532 3225 1642 3268 AEn.
1669 3239 1711 3278 3,
1736 3224 1837 3279 517.
1862 3225 2028 3268 Lucan.
2087 3244 2095 3252 ·

1214 3296 1256 3333 1,
1278 3285 1381 3337 665.
1403 3283 1455 3326 it.
1479 3299 1522 3339 9,
1543 3284 1646 3336 836.

1270 3342 1342 3382 66.
1376 3340 1569 3384 brevium
1597 3338 1784 3385 contextu
1812 3335 2025 3400 rel'ulte'pae]

1211 3397 1272 3440 Ut
1283 3397 1393 3440 ‘fiant
1414 3398 1667 3456 Pyrrhichii,
1686 3396 1875 3442 destinati
1892 3396 2029 3462 im&

1209 3457 1265 3498 tis
1295 3456 1583 3500 saltationibus
1602 3458 1778 3501 numeri.
1812 3455 1878 3500 Sic
1898 3455 1931 3501 s.
1953 3459 1977 3500 8
1986 3470 2028 3511 3,

1212 3517 1284 3566 88,
1301 3529 1375 3572 91.
1406 3516 1457 3560 it.
1483 3530 1554 3566 10,
1576 3529 1618 3567 2,
1643 3517 1713 3561 16·
