2320 4030
533 307 869 350 VlRoRUM
916 307 1343 352 DOCTORUM,
1381 309 1455 348 aze.
1777 314 1855 360 555

194 429 320 470 minis
347 443 515 480 nomen,
534 434 601 473 sed
626 434 866 485 eloquentiae
893 447 959 482 ιο,

165 495 241 532 ,1,
268 497 356 524 112.
384 486 471 524 add.
490 487 532 532 6,
555 499 595 536 3,
618 501 656 538 3.
695 490 732 532 8,
754 501 794 538 3,
817 490 881 539 64.
919 491 957 531 8,

194 539 241 585 ’6,
263 550 327 587 30.
376 551 439 586 12,
464 552 528 587 11,
558 543 622 580 26.
677 543 788 581 hunc
815 541 960 592 speeie-

200 603 311 640 mus,
331 593 410 632 hoc
429 594 674 644 propositum
691 596 808 634 nobis
826 596 872 634 fit
889 607 961 633 ex-

199 646 383 696 emplum
417 659 480 693 10,
513 660 550 694 1,
586 661 674 688 112.
728 660 812 687 non
840 657 961 686 tamen

156 737 159 739 .
200 698 306 739 solus
323 701 541 739 imitandus
560 703 615 740 est
638 714 702 748 10,
725 715 764 747 2,
785 714 851 752 24.
898 716 966 739 eav-⁴
993 710 995 713 ·

195 751 319 803 empla
362 754 574 807 vitiosior-um
618 755 692 806 ejus
736 755 961 793 imitatorum

207 817 581 911 log’Rxecylirrgwitur
613 863 654 908 6,
684 874 725 911 3,
750 871 804 913 47
834 870 869 900 et
895 855 964 911 ⁶48.

204 923 247 960 72
267 927 310 965 9,
335 926 396 953 12.
427 927 467 963 9,
487 927 530 964 4,
555 917 618 954 16.
651 928 712 959 ιι,
736 927 774 962 ι,
798 928 862 966 24.
908 930 964 952 re-

1093 445 1186 472 cero
1212 433 1397 480 Pansam,
1433 431 1630 479 Hirtium,
1666 431 1862 470 Dolabel··

1094 487 1177 525 lam
1211 488 1252 524 in
1282 498 1437 524 morem
1469 487 1721 535 praeceptoris
1745 497 1858 524 exer·

1096 542 1183 579 cuit
1206 551 1269 588 12,
1292 551 1356 586 11,
1376 541 1416 578 6.
1472 541 1514 577 in
1533 540 1710 576 oratione
1733 539 1858 577 Dola-

1095 594 1212 631 bellae
1237 593 1483 638 emendavit,
1514 601 1660 630 mortem

1098 659 1120 685 2
1188 675 1197 684 .

1097 675 1139 738 id
1156 658 1324 738 f'anlam
1344 697 1641 750 reprehenderit?
1669 702 1710 746 8,
1734 711 1774 748 3,
1795 711 1861 749 54.

1097 753 1358 791 velandarum
1395 753 1577 791 varicum
1611 756 1735 801 gratia
1763 753 1861 802 quid

1098 808 1227 846 facere
1245 807 1407 846 solitum
1435 807 1562 845 tradat
1588 806 1771 844 Plinius?
1799 818 1860 849 ιι,

1102 873 1142 910 3,
1183 872 1270 910 143.
1324 859 1498 898 aemulus
1530 860 1619 909 (jus,
1655 868 1692 898 et
1723 860 1862 898 secun-

1100 916 1190 962 dus,
1210 914 1444 952 Hortensius
1470 926 1530 960 11,
1553 926 1592 962 3,
1615 915 1654 953 8.

1713 606 1791 630 erre
1813 594 1835 630 8

1252 646 1346 699 quid
1368 646 1407 682 in
1427 645 1547 683 Hirtii
1566 592 1859 684 declamatione

196 968 390 1020 prehenstes
409 983 432 1005 a
451 968 574 1007 multis
590 983 603 1005 :
619 969 822 1022 stdfimul
839 979 966 1007 contra
1045 969 1203 1015 Cicero,
1234 969 1283 1007 Ο.
1311 968 1496 1006 Tullius:
1525 969 1574 1005 de
1600 967 1701 1014 jocis
1729 967 1861 1006 Marci

200 1019 455 1060 obtrectatores
487 1022 694 1074 dqfenditur
726 1035 766 1075 9,
795 1035 835 1073 4,
860 1023 967 1073 prin.

210 1085 274 1121 11,
298 1087 337 1120 1,
363 1076 541 1129 17.fiqq.
575 1089 639 1123 12,
664 1089 700 1123 ι,
721 1089 785 1117 22.
818 1089 881 1124 12,
907 1089 967 1120 ιο,

1101 1024 1226 1060 fratris
1253 1022 1373 1060 libros
1400 1021 1556 1060 edidiss'e
1582 1021 1720 1059 dicitur
1754 1022 1794 1068 6,
1825 1034 1861 1071 3,

1104 1088 1125 1127 5
1145 1093 1153 1112 ε
1172 1076 1246 1127 fid
1260 1089 1304 1114 v.
1323 1089 1360 1114 n.

209 1139 286 1188 12..
297 1128 408 1182 fiqq.
476 1142 608 1168 rerum
639 1142 663 1168 a
699 1132 736 1169 se
771 1133 969 1180 gestarum
1048 1130 1191 1169 Cinnae
1210 1130 1398 1181 Smyrna,
1417 1140 1566 1168 novem
1589 1128 1705 1166 annis
1724 1128 1865 1179 scripta

205 1193 336 1230 major
372 1194 498 1232 quam
533 1183 772 1234 eloquentiae
803 1185 972 1234 jactator

211 1247 276 1281 11,
317 1248 355 1286 ι,
388 1246 450 1284 17.
507 1239 690 1281 rationes,
721 1252 786 1276 cur
811 1252 971 1277 nonnun-

209 1302 322 1342 quam
349 1290 565 1338 jactatione
593 1292 648 1330 sui
682 1292 763 1343 :fias
776 1292 850 1341 fit,
879 1292 968 1331 ibid.

202 1350 244 1380 et
257 1343 366 1396 seqq.
422 1344 496 1394 q‘us
522 1344 746 1384 collocandi
777 1357 904 1395 genus
931 1358 971 1384 e-

203 1396 362 1444 jusdem
379 1399 508 1436 aetatis
526 1400 728 1446 homines,
749 1400 899 1449 scriptis
921 1400 971 1437 ad

207 1450 341 1500 ipsum
376 1452 499 1491 etiam
533 1453 654 1492 literis
690 1454 972 1504 reprehendere

206 1504 292 1543 anfi
318 1505 480 1544 fuerunt
507 1519 548 1557 9,
569 1519 611 1556 4,
637 1519 670 1545 1.
726 1520 822 1546 eum
847 1507 973 1546 inoes-

207 1558 289 1596 sere
318 1560 519 1598 audebant
550 1570 595 1599 ut
622 1562 898 1608 tumidiorem,
932 1569 973 1599 et

211 1611 423 1659 Asianum,
453 1622 494 1652 et
521 1615 828 1662 redundantem,
857 1626 898 1653 et
931 1616 973 1652 in

209 1666 512 1716 repetitionibus
539 1669 733 1715 nimium,
748 1677 790 1707 et
818 1671 859 1707 in
887 1668 970 1707 sali·

212 1719 290 1758 bus
334 1720 550 1770 aliquando
592 1723 796 1771 frigidum,
842 1730 882 1760 et
931 1723 974 1761 in

210 1773 503 1830 compositione
546 1775 746 1823 tranum,
775 1776 976 1815 exsultan-

210 1835 311 1871 tem,
331 1839 379 1867 ac
406 1840 520 1879 paene
546 1829 631 1868 viro
659 1829 885 1869 molliorem
910 1842 974 1876 12,

219 1893 284 1929 10,
318 1893 380 1921 12.
434 1883 594 1922 modice
620 1884 789 1934 respexit
818 1885 868 1922 ad
897 1898 978 1921 con-

210 1935 356 1988 cursum
373 1936 557 1974 vocalium
577 1949 615 1986 9,
633 1950 673 1988 4,
691 1949 754 1986 39.
809 1952 873 1975 nec
892 1950 982 1976 ma-

214 1988 305 2028 lum
325 1989 454 2029 virum
474 1991 622 2029 eundem
636 1990 766 2044 suff,
787 2006 850 2029 nec
868 1992 979 2030 timi-

212 2043 318 2083 dum
339 2056 404 2090 12,
428 2056 466 2089 1,
491 2044 670 2098 14.fiqq.
723 2060 804 2083 eum
823 2059 890 2083 non
902 2046 978 2098 f¹⁴⁴

217 2095 281 2148 {ffe
307 2098 486 2136 nimium
514 2099 609 2137 risus
637 2099 904 2138 affeaatorem
936 2101 978 2148 6,

219 2163 261 2199 3,
284 2164 321 2191 2.
341 2151 446 2205 seqq.
501 2152 550 2190 de
573 2152 676 2200 jocis
703 2153 775 2205 ejus
803 2162 840 2190 et
867 2153 979 2192 dietis

128 2220 135 2225 -
216 2206 392 2254 congesti
430 2205 604 2256 editique
646 2206 732 2245 libri
778 2207 818 2254 6,
857 2219 900 2256 3,
940 2218 979 2258 5.

219 2258 435 2298 delectatus
453 2261 508 2297 est
526 2260 686 2309 paribus
705 2262 909 2299 contrariis
938 2274 978 2311 9,

223 2323 263 2360 3,
295 2321 358 2363 74.
410 2313 568 2361 jocatus
601 2314 641 2351 in
672 2326 824 2355 nomen
854 2315 982 2353 Verris

220 2374 264 2414 5,
298 2378 362 2413 10,
393 2378 455 2415 31.
485 2367 579 2418 cotgfi
600 2370 640 2415 6,
661 2380 701 2417 3,
721 2379 762 2418 4.
817 2379 983 2419 compo-

222 2419 404 2459 sitionem
426 2421 467 2458 in
488 2422 625 2470 primis
643 2422 858 2460 elaboravit
877 2436 918 2474 9,
937 2434 980 2472 4,

222 2473 308 2512 init.
381 2474 543 2513 descivit
577 2475 805 2525 paullulum
841 2488 866 2514 a
902 2477 984 2515 De·

222 2528 431 2567 mosthene
457 2528 496 2565 in
523 2529 662 2566 ratione
687 2543 912 2571 numerorum
939 2542 982 2579 9,

221 2593 268 2629 4,
291 2582 380 2630 146.
426 2582 520 2633 corf.
546 2594 606 2626 ιο,
628 2595 665 2630 ι,
690 2594 778 2630 ¹07-
830 2595 898 2630 12,
918 2595 983 2631 ro,

226 2635 292 2674 26.
317 2636 427 2691 stqq.
488 2636 595 2674 Cum
630 2638 771 2675 omnia
806 2637 985 2684 utilitati,

223 2696 316 2728 tum
336 2699 489 2740 partem
512 2691 718 2739 quandam
736 2690 986 2730 delectationi

224 2743 332 2781 dedit
356 2755 420 2791 ι2,
448 2755 507 2791 ιο,
527 2753 593 2794 45.
648 2744 774 2783 sciens
795 2744 894 2791 juris
922 2757 986 2792 12,

213 2819 216 2824 ‹
226 2808 266 2845 3,
306 2808 367 2835 ιο.
436 2797 755 2847 diligentissimus
786 2800 990 2848 orthogra-

226 2850 334 2900 phiae
372 2863 405 2894 ι,
428 2860 468 2899 7,
490 2863 556 2902 34.
613 2853 655 2890 in
688 2851 773 2891 filio
801 2852 903 2891 reete
931 2851 989 2891 lo-

225 2905 378 2953 quendi
399 2905 680 2956 usquequaque
695 2906 807 2956 asper
829 2917 989 2956 quoque

228 2957 389 2997 exactor
406 2958 497 2997 ibid.
551 2959 698 3009 scripsit
728 2960 836 3004 Aiio,
866 2960 991 2999 Maiia

232 3022 272 3057 ι,
292 3024 336 3062 4,
361 3023 422 3050 ιι.
477 3013 697 3062 geminavit
729 3013 794 3053 τὴν
825 3013 852 3052 S
884 3025 921 3060 1,
950 3025 990 3062 7,

232 3077 299 3104 20.
354 3065 485 3104 inserit
510 3067 734 3116 frequenter
755 3067 885 3106 versus
911 3067 993 3107 En-

231 3118 305 3164 nii,
336 3120 468 3166 Accii‚
496 3119 669 3163 Pacuvii,
694 3129 766 3158 cet.
800 3132 838 3167 ι,
863 3121 904 3167 8,
929 3133 990 3160 ιι.

234 3173 376 3211 Graeco
404 3175 570 3212 nomine
597 3173 788 3226 inscripsit
812 3173 930 3212 libros
951 3188 991 3222 2,

236 3237 303 3275 ι4,
323 3238 363 3275 4.
416 3227 452 3264 ei
482 3227 628 3277 placet,
646 3234 704 3271 ut,
721 3228 912 3278 quicquid
937 3227 996 3266 lo·

235 3291 422 3327 quamur,
457 3282 704 3332 ubicunque,
734 3281 796 3327 sit,
826 3292 896 3332 pro
929 3282 997 3320 sua

233 3333 384 3372 {cilicet
403 3335 599 3383 portione,
620 3334 836 3385 perfec—:tum
868 3345 931 3380 ιο,
955 3345 994 3382 7,

240 3389 304 3426 28.
360 3388 521 3437 quando
548 3388 623 3437 legi
652 3386 766 3437 poffit
793 3401 833 3434 2,
861 3395 904 3438 5,
931 3399 994 3427 20.

236 3440 477 3479 declamatio
503 3441 553 3479 de
579 3442 786 3489 Cicerone,
804 3449 851 3479 ut
868 3444 997 3480 Anto·
1052 3464 1053 3467 =
1084 3453 1088 3457 ’

239 3495 355 3532 nium
384 3502 507 3544 roget,
528 3494 768 3545 Philippicas
794 3503 934 3533 exurat
959 3507 997 3544 3,

238 3548 277 3589 8.
314 3550 381 3597 46.
445 3548 494 3586 ad
531 3549 765 3587 Ciceronem
798 3547 944 3586 Caelius
974 3560 999 3587 a

238 3611 348 3654 patre
367 3602 557 3642 deductus
584 3603 638 3642 est
667 3613 732 3651 12,
755 3613 819 3650 ιι,
839 3602 879 3641 6.
931 3600 999 3640 Ci-

1051 1237 1254 1280 Claudius‚
1290 1238 1493 1288 Imperator
1519 1238 1560 1280 8,
1599 1244 1638 1286 5,

1109 1196 1172 1230 10,
1190 1195 1230 1233 4⁸
1249 1197 1290 1233 4.
1675 1236 1736 1274 16.
1791 1235 1864 1286 ejus

1105 1291 1268 1330 libertus
1298 1292 1339 1338 6,
1371 1303 1410 1340 3,
1443 1291 1508 1328 81.
1564 1289 1772 1328 AEolicum
1806 1290 1865 1327 di-

1070 1346 1077 1350 ‘
1106 1357 1272 1395 gamma
1298 1345 1443 1392 adjecit
1460 1343 1578 1382 literis
1599 1343 1744 1381 Latinis
1768 1355 1804 1391 1,
1828 1354 1865 1390 7,

1109 1408 1173 1446 27·

1052 1452 1279 1495 Cleanthes,
1300 1451 1528 1504 philosophus
1557 1463 1596 1498 2,
1626 1463 1639 1489 ι
1649 1459 1688 1501 5,
1719 1460 1784 1503 35.
1828 1466 1869 1500 2,

1113 1515 1175 1553 17,
1208 1519 1277 1557 4¹·
1329 1518 1388 1548 12,
1421 1518 1457 1551 ι,
1493 1507 1553 1544 ι8.
1611 1507 1812 1547 mercedes
1845 1521 1870 1546 a

1073 1564 1079 1566 ’
1107 1560 1308 1610 discipulis
1325 1560 1548 1610 acceptavit
1573 1571 1637 1606 12,
1662 1569 1700 1607 7,
1722 1573 1760 1609 9.

1052 1613 1198 1660 Cleon,
1225 1615 1356 1652 femur
1380 1614 1493 1651 ferire
1521 1615 1691 1653 Athenis
1717 1616 1873 1666 primus,

1110 1668 1267 1718 instituit
1291 1679 1349 1711 11,
1371 1679 1411 1716 3,
1434 1679 1522 1716 123.

1055 1721 1309 1760 Cleostelaeus
1339 1721 1392 1773 (s.
1411 1721 1542 1759 rectius
1569 1721 1667 1761 cleo
1685 1722 1868 1774 Stelaeus)

1114 1788 1152 1825 9,
1175 1788 1212 1825 3,
1235 1785 1298 1823 77.
1357 1776 1523 1825 Ignotum
1541 1773 1640 1813 nobis
1666 1790 1745 1814 cam
1773 1779 1874 1815 Bur.

1101 1844 1239 1870 manno
1256 1829 1444 1881 fatemur.
1498 1829 1622 1868 Stelas
1658 1830 1782 1870 Cretae
1811 1846 1873 1869 ur-

1113 1883 1190 1921 bem
1202 1884 1376 1936 formare
1402 1883 1538 1921 isrmo‘v
1563 1883 1746 1933 Stelaeus,
1774 1887 1875 1924 docet

1112 1936 1438 1990 {Svexh'vſsripton

1059 1990 1297 2034 Clitarchus,
1315 1991 1516 2042 historicus,
1536 1990 1580 2029 de
1605 2005 1674 2045 quo
1689 1991 1874 2044 judicium

1097 2045 1235 2096 fertur
1259 2057 1318 2087 ιο,
1344 2057 1381 2091 ι,
1405 2055 1468 2094 75.

1063 2099 1252 2137 Clodius:
1297 2098 1380 2137 vid.
1419 2099 1620 2137 Ciceronis
1663 2100 1789 2138 oratio
1835 2102 1879 2140 in

1115 2151 1319 2191 Clodium.
1374 2152 1468 2190 editi
1499 2152 1540 2190 in
1578 2155 1875 2204 competitores,

1116 2205 1304 2245 Clodium
1333 2214 1372 2244 et
1401 2207 1619 2245 Curionem
1654 2207 1741 2246 libri
1773 2221 1812 2258 3,
1835 2206 1900 2258 7,'

1118 2272 1156 2300 2.
1183 2260 1268 2298 add.
1290 2269 1330 2310 5,
1358 2273 1419 2307 10,
1440 2274 1506 2311 92.
1535 2261 1629 2311 corf.
1652 2261 1740 2300 [nd.
1761 2263 1795 2301 l.

1063 2313 1237 2362 coccus,
1257 2324 1378 2352 orator
1401 2326 1462 2359 12,
1490 2326 1551 2360 10,
1571 2327 1637 2355 21.
1877 2329 1879 2331 ’

1064 2367 1230 2414 Coelius,
1260 2368 1320 2407 M.
1352 2367 1406 2419 (f
1434 2367 1594 2416 Caelius)
1625 2377 1746 2407 orator
1775 2383 1813 2418 ι,
1840 2382 1877 2419 ς,

1119 2422 1186 2460 6ι.
1213 2432 1255 2471 4,
1275 2434 1318 2469 2,
1341 2433 1405 2468 27.
1438 2434 1477 2472 4,
1498 2434 1538 2467 2,
1564 2424 1743 2478 123.fiq.
1773 2426 1813 2472 8,
1837 2414 1879 2472 ὃ,

1122 2484 1187 2525 53.
1228 2488 1299 2521 -ιι,
1324 2488 1360 2522 ι,
1384 2485 1448 2526 51.
1502 2476 1552 2513 ad
1581 2490 1661 2514 eum
1692 2479 1831 2518 Cicero
1859 2493 1885 2518 a

1121 2537 1230 2580 patre
1248 2530 1439 2568 deduaus
1457 2530 1512 2568 est
1532 2541 1590 2573 12,
1613 2542 1672 2573 11,
1691 2531 1730 2571 6.
1786 2545 1885 2584 prae-

1121 2591 1197 2628 tor,
1219 2583 1330 2633 cujus
1358 2583 1494 2622 sellam
1527 2585 1710 2624 curulem
1743 2587 1883 2627 consul

1121 2637 1315 2675 Isauricus
1345 2637 1457 2687 fregit
1484 2638 1528 2685 6,
1556 2650 1595 2687 3,
1622 2647 1686 2689 25.
1742 2654 1817 2694 qua
1845 2656 1884 2679 re

1122 2690 1160 2728 se
1196 2691 1408 2730 hominem
1445 2691 1544 2741 frugi
1585 2691 1751 2732 voluerit
1795 2706 1883 2746 pro-

1121 2744 1248 2782 bare?
1288 2756 1326 2790 ι,
1356 2745 1397 2791 6,
1427 2758 1492 2796 29.
1546 2745 1647 2783 dixit
1674 2749 1886 2797 parricida-

1123 2806 1213 2837 tum
1251 2810 1289 2847 1,
1317 2798 1359 2845 6,
1388 2811 1456 2848 42.
1510 2799 1552 2838 in
1582 2802 1813 2841 Antonium
1843 2815 1886 2852 9,

1127 2862 1168 2900 3,
1195 2851 1258 2902 58.
1317 2874 1332 2883 ·
1347 2860 1383 2890 et
1414 2852 1562 2904 egregia
1593 2854 1793 2903 temulenti,
1821 2859 1888 2910 qui

1124 2905 1371 2951 excitabatur,
1402 2907 1610 2958 descriptio
1640 2919 1683 2959 4,
1717 2915 1764 2958 2,
1797 2922 1887 2960 123.

1111 2958 1198 3013 fiq.
1252 2960 1314 2998 De
1341 2960 1387 2998 C.
1408 2960 1518 3000 Laelii
1541 2959 1783 3013 collegaeque
1801 2965 1888 3013 ejus

1126 3013 1168 3051 in
1200 3014 1449 3063 provinciam
1481 3015 1755 3056 festinantium
1789 3029 1888 3056 con-

1125 3067 1305 3105 tentione
1323 3069 1365 3113 6,
1386 3079 1426 3116 3,
1450 3076 1553 3117 39η
1569 3079 1637 3119 41.
1693 3070 1735 3108 in
1754 3071 1891 3110 desen-

1126 3118 1235 3159 tione
1261 3121 1417 3164 cauffae,
1443 3133 1526 3173 qua
1555 3133 1644 3160 reus
1670 3123 1720 3162 de
1746 3125 1785 3163 vi
1814 3126 1890 3165 fuit

1133 3185 1198 3221 ιι,
1233 3185 1269 3221 ι,
1301 3183 1367 3225 5ι.
1408 3175 1595 3225 judicium
1620 3176 1666 3214 de
1690 3191 1728 3215 eo
1762 3189 1824 3226 10,
1851 3193 1887 3228 1,

1134 3235 1224 3278 115.
1272 3227 1466 3279 precipua
1492 3229 1615 3267 virtus
1645 3229 1680 3267 ei
1714 3231 1891 3271 tribuitur

1130 3281 1315 3332 asperitas
1354 3293 1414 3332 ιο,
1450 3295 1490 3329 2,
1524 3292 1589 3332 25.
1659 3283 1703 3321 it.
1737 3285 1892 3327 indoles

1135 3345 1198 3380 12,
1223 3345 1283 3377 ro,
1309 3346 1371 3373 11.
1426 3343 1463 3373 et
1493 3336 1534 3374 in
1569 3337 1791 3376 accusando
1826 3352 1889 3379 ur·

1128 3387 1286 3426 banitas
1321 3399 1383 3433 ιο,
1421 3400 1452 3431 ι,
1486 3397 1573 3440 115.
1644 3390 1787 3430 melius
1819 3394 1891 3431 ob·

1127 3440 1226 3488 jecit
1243 3441 1430 3491 crimina,
1447 3453 1572 3492 quam
1590 3442 1765 3483 defendit
1784 3445 1825 3493 6,
1847 3459 1890 3496 3,

1135 3601 1159 3639 Γ
1255 3546 1339 3587 vid.
1355 3547 1556 3588 Ciceronis
1569 3550 1695 3588 oratio
1712 3563 1784 3602 pro
1802 3553 1891 3592 Coe-

1151 3611 1204 3640 10.
