2320 4030
315 319 387 370 60
711 318 787 369 Μ.
821 316 1039 372 FABII
1073 316 1666 371 QUINCTILIANI

314 455 515 520 liciter,
559 453 755 508 evaluit
777 453 850 508 ff.-
901 464 994 508 atss
1034 462 1223 508 contra
1261 455 1345 508 vio
1388 470 1483 526 pro
1521 475 1592 523 eo,
1620 455 1908 513 infelicius·
1983 461 2136 532 11133

318 526 525 581 Graecis
545 524 667 580 obe'l'
691 544 740 579 co
758 526 804 593 ¹¹,
825 526 1092 590 coludumo,
1118 524 1228 579 &a
1255 525 1389 579 dure
1414 526 1577 579 etiam
1603 525 1836 600 jungere
1857 530 1872 566 ¹
1896 541 2048 584 veta-

317 616 458 663 mur,
484 597 578 670 qui
602 607 660 650 to
684 608 892 651 eranter
915 597 1094 651 videre
1110 596 1462 668 septentriones
1484 597 1747 654 videmur.
1821 602 1907 654 Eo
1929 620 2046 657 ma*
2067 618 2144 674 34

316 669 414 742 gisv
448 665 727 723 neceffaria
761 667 1076 737 κατάχρησις,
1107 685 1271 739 quam
1306 667 1449 721 recte
1486 667 1718 723 dicimus
1754 671 2047 742 abusionem,

317 759 443 812 quae
469 759 575 795 non
607 739 930 793 habentibus
965 757 1163 792 nomen
1198 738 1352 792 suurn
1386 740 1781 810 accommodat,
1808 743 1956 816 quod
1988 743 2048 799 in

310 811 561 888 proximo
585 812 674 875 est,
696 813 783 876 fic,

458 939 603 956 —--
625 910 831 984 Equum
849 911 874 944 ¹³
898 910 1080 964 divina
1104 908 1343 964 Palladis
1365 919 1474 963 arte
1491 910 1787 983 AEdfficant
1801 933 1825 966 .·⁴

315 1030 375 1078 et
397 1022 540 1096 apud
562 1021 846 1095 Tragicos,
873 1021 950 1075 Et
966 1022 1088 1094 jam
1109 1018 1182 1074 leo
1202 1021 1368 1094 pariet
1383 1021 1420 1088 ¹,
1444 1030 1502 1075 at
1525 1030 1676 1096 pater
1699 1022 1772 1076 est
1785 1032 1840 1079 ¹¹⁸.
1912 1023 2049 1079 Mil-
2065 1047 2100 1104 3
2102 1042 2140 1104 5

315 1191 319 1194 ·
369 1177 407 1207 ff
431 1178 596 1218 evanuit
613 1190 733 1229 marg.
755 1177 846 1230 Bas:

973 1183 995 1214 ε
1021 1177 1168 1217 adonia
1185 1185 1225 1217 et
1242 1179 1362 1218 vioco
1378 1179 1433 1218 G.
1459 1179 1512 1218 ad
1530 1178 1668 1217 omoia
1684 1185 1724 1217 et
1743 1179 1861 1218 inoeo
1879 1179 2048 1234 fermiuz

313 1234 359 1276 in
390 1234 529 1275 Grecis
554 1235 691 1284 Kapp.
719 1232 881 1270 adomia
898 1238 939 1270 et
965 1232 1033 1270 vio
1058 1245 1106 1271 eo
1137 1234 1303 1272 ferimus
1330 1235 1373 1272 in
1393 1233 1464 1273 Gr.
1481 1233 1590 1272 Jens.
1609 1242 1644 1271 et
1664 1233 1714 1271 G.
1736 1246 1776 1274 2.
1803 1231 1874 1284 nist
1889 1233 1988 1288 quod
2001 1246 2048 1273 o·-

314 1295 450 1341 moya.
606 1285 626 1315 ¹¹
655 1284 796 1326 Obidis
814 1285 1080 1325 acobaditivio
1099 1286 1152 1326 G.
1180 1287 1351 1326 Obidius
1370 1287 1649 1329 acoludituino
1666 1287 1775 1326 bono
1793 1287 1956 1337 eoldure
1974 1285 2046 1328 etii

313 1341 449 1394 Kapp.
476 1341 647 1381 Obidius
670 1339 830 1379 ocoludi
860 1347 904 1378 tu
920 1341 1120 1379 moibono
1139 1353 1186 1380 eo
1206 1342 1303 1381 dure
1320 1344 1445 1381 etiam
1465 1342 1517 1380 G.
1541 1353 1578 1380 2.
1606 1340 1738 1379 obidis‘
1762 1339 2046 1382 oculuditiuno

310 1396 424 1436 bono
441 1408 490 1436 eo
509 1397 606 1436 dure
623 1403 745 1445 atque
757 1394 876 1444 jung.
893 1394 1000 1432 Jens.

1178 1393 1188 1420 ³
1215 1397 1364 1446 jungar
1382 1396 1494 1446 atqui
1513 1389 1724 1434 tollentem
1741 1402 1783 1434 et
1801 1395 1854 1434 G.
1876 1395 2045 1446 jungere

310 1451 424 1501 atqui
444 1450 656 1490 tollentem
674 1457 714 1487 et
731 1448 812 1487 vid.
835 1446 966 1499 Kapp.
989 1448 1158 1500 jungere
1176 1451 1245 1500 qui
1266 1449 1476 1488 tollentem
1496 1450 1548 1488 G.
1570 1463 1606 1490 2.
1626 1449 1732 1487 Jens.

1869 1449 1889 1474 Κ
1919 1462 2044 1489 ecum

309 1517 407 1554 ogra
426 1513 570 1556 putant
588 1503 714 1543 AEdif.
733 1503 786 1542 G.
805 1502 834 1540 fi
852 1514 1009 1541 caecum
1029 1515 1123 1553 ogra
1141 1512 1286 1556 putant
1303 1502 1429 1542 AEdif.
1447 1504 1469 1542 J
1473 1504 1555 1545 ens.
1584 1502 1749 1556 Vulgata
1767 1501 1877 1543 Ιιέὶίσ
1886 1502 1975 1557 jam
1993 1504 2044 1558 5ss

308 1558 352 1599 ia
369 1557 514 1614 Asi-mſs
536 1567 652 1613 1519.
761 1558 775 1582 ⁸
804 1564 915 1610 paret
934 1557 986 1596 G.
1004 1558 1110 1597 Jens.

312 1709 316 1714 ·
373 1709 445 1748 33.
493 1703 544 1738 at
583 1701 728 1737 contra
765 1691 862 1747 vio]
912 1693 1134 1736 Posuimus

308 1754 524 1803 keffionem
544 1753 668 1809 hujus
689 1751 786 1802 loci,
806 1760 856 1794 ut
884 1765 934 1795 ex
962 1753 1134 1810 optimis

307 1813 564 1857 editionibus
623 1813 891 1856 Burmannus
948 1812 1132 1869 repetiit,

340 1887 404 1914 uae
428 1869 708 1928 qualicunque
736 1868 978 1928 posseffionis
1006 1867 1133 1912 titulo

306 1888 346 1975 ii:
365 1927 572 1979 defendat,
591 1928 694 1971 dum
715 1928 946 1985 ingeniosus
976 1926 1132 1984 aliquis

307 1993 361 2031 ex‘
377 1985 611 2039 monstrosa,
631 1998 756 2046 quam
778 1986 899 2044 supra
923 1984 1130 2037 dedimus,

305 2047 506 2091 varietate
541 2060 684 2088 verurn
723 2043 827 2088 forte
860 2055 995 2088 eruat.
1057 2045 1131 2088 In-

305 2108 427 2149 terim
446 2104 720 2158 conjeauram
732 2115 858 2147 unam
877 2103 1132 2160 alteramque

304 2164 375 2208 hic
409 2177 698 2222 proponemus.
760 2163 902 2219 Igitur
940 2161 1128 2204 Obrech-

304 2232 394 2276 tus,
428 2222 512 2264 Sed
540 2220 611 2264 hoc
627 2216 816 2278 feliciter
835 2239 848 2262 .-
892 2218 1074 2263 evanuit
1105 2235 1130 2263 e

303 2289 448 2324 contra
465 2280 534 2323 vio
551 2279 596 2322 in
615 2294 662 2322 eo
680 2297 690 2321 ι
709 2277 892 2335 fl’rimus
910 2277 953 2321 in
974 2278 1129 2321 Graecis

303 2339 496 2397 {obelisco-s,
525 2337 724 2392 amphora»
747 2337 860 2379 dure
875 2355 888 2379 .·
921 2345 962 2380 et
987 2345 1128 2380 tamen

289 2397 471 2454 jungere
500 2396 720 2440 Maronem
740 2395 918 2453 fhlerter
942 2405 982 2438 et
1006 2395 1124 2438 divi-

301 2457 399 2498 dere
437 2455 724 2513 septentriones
763 2454 972 2497 videmus.
1033 2455 1122 2497 Ra-

299 2515 456 2557 tionem
485 2513 648 2557 reddere
676 2527 758 2556 non
788 2512 912 2558 soleta
943 2525 1018 2556 nec
1048 2527 1124 2559 nos

298 2572 526 2631 possumus.

365 2640 435 2685 33.
480 2628 667 2731 ‘’belf'ftOr
683 2629 905 2684 coludumo]
951 2629 1122 2673 Turne-

299 2690 398 2741 bus,
418 2703 500 2732 non
524 2689 556 2733 il
576 2704 596 2730 e
627 2687 877 2746 personatus,
900 2689 1018 2742 cujus
1049 2689 1123 2732 ad-

299 2747 450 2806 scripta
469 2747 524 2790 ad
552 2747 659 2790 hunc
689 2746 828 2790 locum
847 2755 947 2791 nota
967 2747 1009 2789 in
1039 2745 1123 2791 alia

299 2807 442 2850 omnia
460 2807 582 2860 abit3
617 2805 682 2848 sed
710 2820 831 2850 verus
862 2804 930 2849 ille
948 2805 1120 2848 Turne-

297 2863 381 2907 bus
409 2864 528 2908 Adv.
556 2879 626 2914 12,
651 2879 722 2914 11,
751 2864 920 2918 conjicit
949 2862 1018 2906 hic
1038 2863 1120 2909 effe

297 2922 537 2966 Aristotelis
572 2921 672 2964 illud
707 2921 1021 2976 ὅςελισ-ιιολύχνιον,
1055 2922 1119 2965 in-

297 2979 564 3028 strumentum
585 2980 696 3037 quod
717 2989 757 3023 et
777 2993 877 3022 veru
905 2988 946 3020 et
969 2980 1117 3023 cande-

294 3037 403 3085 labri
422 3039 531 3083 vices
550 3039 659 3082 idem
707 3036 852 3088 raestet,
864 3037 982 3091 cujus
1001 3050 1116 3081 men-

296 3097 452 3141 tionem
480 3095 581 3140 facit
610 3096 672 3140 Po
691 3097 739 3140 it.
765 3111 808 3145 1,
832 3111 873 3138 1.
896 3095 948 3138 it.
969 3110 1015 3149 4,
1041 3112 1112 3152 ¹5-

295 3164 338 3197 et
369 3156 421 3198 de
449 3164 556 3215 part.
590 3154 759 3199 animal.
791 3167 839 3206 4,
861 3156 905 3197 6.
968 3155 1114 3198 Werl-

295 3212 447 3267 hofius,
483 3226 683 3271 magnum
732 3223 937 3270 aegrorum
978 3212 1113 3270 praesi-

292 3270 430 3322 dium,
459 3272 703 3317 medicinam
732 3272 858 3316 etiam
887 3267 1021 3314 Fabio
1048 3271 1112 3315 fa-

291 3343 381 3372 cere
401 3329 621 3388 adgress'uS,
639 3339 690 3373 ut
708 3330 810 3373 alias
829 3329 1114 3382 felicissimam,

291 3386 351 3432 ita
384 3390 450 3432 hic
480 3389 698 3432 modestam
725 3403 801 3446 pro
827 3388 1116 3445 magnitudine

292 3446 391 3488 mali
418 3450 458 3489 et
490 3445 670 3503 suspensa
698 3459 823 3489 manu
858 3446 1114 3489 administra-

291 3514 401 3552 mm.-
457 3506 600 3564 Legit,
645 3505 683 3548 E
708 3503 890 3551 ‘Graecis
929 3504 1115 3550 'obelisco

1220 1563 1252 1583 ¹¹¹
1283 1571 1354 1598 om.
1372 1557 1482 1605 Jens,

1218 1692 1405 1750 (ὅζελὶζω)
1439 1694 1578 1737 colum
1615 1693 1767 1751 (κῶλον)
1802 1694 1949 1738 ducere
1974 1696 2041 1752 (et

1215 1751 1259 1795 in
1294 1751 1482 1809 linguam
1515 1753 1692 1796 nostram
1717 1753 1946 1810 adsumere)
1976 1761 2039 1797 et-

1212 1808 1299 1853 iam
1317 1809 1497 1868 jungere
1527 1811 1627 1868 (five
1650 1825 1891 1869 componere
1910 1812 2038 1856 Grae-

1214 1883 1359 1911 corum
1389 1884 1501 1912 more
1533 1870 1682 1924 verba)
1717 1874 1937 1922 vetamur,
1967 1869 2038 1928 qui

1210 1926 1448 1985 toleranter?
1461 1927 1612 1971 ‘videre
1636 1926 1943 1986 septemtriones
1960 1927 2038 1973 vi-

1212 1986 1356 2030 demur
1375 1987 1599 2044 <tanquam
1615 1986 1735 2029 venia
1749 1987 1892 2043 potius
1907 1999 2038 2044 quam

1212 2043 1333 2087 laude
1351 2045 1570 2104 dignuin.)
1620 2043 1824 2095 Modesta,
1845 2045 2036 2104 inquam,

1213 2103 1268 2146 est
1302 2102 1374 2147 illa
1407 2104 1654 2158 conjectura,
1677 2103 1749 2159 (ut
1780 2103 1862 2162 ipse
1887 2117 2036 2162 nempe

1211 2160 1267 2204 est
1294 2163 1359 2204 vir
1384 2162 1716 2217 modestiffimus)
1745 2158 1773 2203 fi
1800 2175 1889 2205 earn
1919 2177 2036 2207 com-

1207 2234 1328 2278 pares
1361 2235 1458 2264 cum
1487 2220 1661 2278 vulgata
1694 2218 1895 2263 lectiones
1934 2232 2034 2266 cum

1208 2292 1307 2320 vero
1328 2280 1388 2322 'ab
1407 2279 1730 2331 eavehementer
1747 2276 1962 2323 diffideant
1979 2278 2034 2323 li.

1208 2336 1274 2380 bri
1293 2338 1473 2396 antiqui,
1491 2335 1623 2380 fateor
1641 2337 1746 2380 mihi
1759 2349 1924 2394 aquam
1945 2338 2035 2383 hae.

1207 2409 1308 2440 rere.
1373 2395 1487 2439 Illud
1521 2396 1688 2451 adjicio,
1712 2395 1754 2438 in
1789 2395 1861 2438 ino
1889 2395 2033 2441 Obidis

1206 2452 1331 2498 latere
1359 2454 1564 2498 Ovidium
1595 2463 1715 2512 putat
1745 2455 2029 2507 Burmannus,

1205 2514 1276 2555 cui
1315 2523 1454 2570 aperte
1492 2513 1771 2570 suffragantur
1818 2513 2032 2558 Gothanae

1204 2571 1443 2628 posteriores
1460 2574 1710 2617 membranae
1729 2580 1770 2618 et
1791 2571 1883 2616 Cel.
1904 2572 2032 2632 Kap-

1235 2647 1282 2675 11.

1203 2644 1232 2690 p
1268 2703 1339 2742 34.
1371 2689 1531 2746 Equum
1550 2686 1722 2742 divina]
1747 2690 1858 2734 AEn.
1883 2704 1925 2741 2,
1951 2705 1968 2733 ι
1980 2705 2027 2745 5.

1203 2747 1340 2804 Instar
1358 2746 1502 2790 montis
1528 2760 1672 2804 equum
1698 2748 1781 2790 &c.
1843 2749 1895 2791 In
1923 2748 2029 2792 aedt‘.

1189 2805 1329 2861 ficant
1345 2805 1400 2849 est
1428 2805 1669 2849 catachresis
1688 2806 1820 2857 verbi,
1840 2807 1954 2863 quod
1972 2808 2027 2852 ad

1201 2865 1311 2907 aedes
1348 2873 1389 2907 et
1434 2863 1585 2906 domus
1652 2864 1788 2922 roprie
1829 2863 2024 2922 pertinet.

1203 2923 1359 2965 Utrum
1378 2936 1474 2964 vero
1490 2923 1600 2966 hunc
1633 2937 1757 2965 ocum
1777 2921 1930 2980 fignare
1948 2934 2024 2967 voa

1201 2978 1325 3023 luerit
1357 2981 1533 3031 Fabius,
1567 2990 1649 3023 non
1679 2981 1872 3024 dixerim.
1933 2981 2024 3028 Nifi

1200 3039 1315 3095 quod
1333 3034 1537 3082 silentium
1555 3038 1890 3096 Anglicanorum
1907 3040 2028 3084 codi-

1199 3111 1296 3140 cum
1325 3097 1559 3140 consensum
1587 3112 1684 3140 cum
1703 3097 1876 3155 vulgata
1894 3099 2023 3142 inter·-

1197 3157 1348 3212 pretari
1379 3156 1544 3198 interim
1573 3155 1693 3199 licetz
1726 3155 1792 3199 sed
1811 3165 1947 3200 tacent
1959 3145 2022 3203 illi

1196 3214 1322 3256 etiam
1344 3213 1388 3257 in
1437 3213 1754 3265 raecedentibus,
1773 3222 1824 3256 ut
1845 3213 2023 3273 suspicio

1196 3272 1371 3322 oriatur,
1419 3271 1622 3315 ormitaffe
1649 3272 1718 3316 hic
1743 3272 1810 3316 vel
1826 3273 2022 3330 pertaesos

1195 3329 1351 3374 laboris
1379 3330 1453 3376 effe
1481 3331 1665 3374 eruditos
1693 3345 1836 3375 eorum
1865 3332 2021 3376 crana-a

1195 3397 1322 3431 tores.

1259 3462 1329 3501 34.
1364 3446 1421 3490 Et
1432 3441 1436 3447 ’
1435 3447 1535 3504 jam
1553 3446 1611 3491 leo
1625 3447 1788 3504 pariet]
1826 3448 1919 3498 Leo,
1940 3446 2019 3508 qul

1196 3515 1315 3565 pater
1344 3505 1415 3559 est,
1448 3519 1531 3550 non
1553 3505 1691 3565 parit,
1722 3505 1794 3551 sed
1821 3513 2020 3564 generat.
