2320 4030
628 296 971 342 VIRORUM
1007 288 1438 349 nocTontJM,
1467 301 1542 341 810.
1866 306 1942 351 551

276 431 318 467 4⁹
342 429 376 461 ¹⁹
402 431 462 461 ¹2·
490 431 533 471 4,
555 432 596 469 ²9
616 422 746 476 9·s‘q·
777 430 813 473 52
839 435 898 466 10,
917 434 957 472 4·
995 434 1036 472 7»

275 484 317 518 2,
342 484 402 528 19.
449 475 489 520 8,
512 486 553 524 3,
574 485 623 526 35
654 484 690 512 et
715 486 783 526 47.
829 490 870 526 9,
903 489 941 523 2,
973 488 1036 525 23.

273 536 342 575 40.
364 535 427 577 54.
454 539 541 567 101.
565 540 653 568 102.
678 541 766 579 104.
790 540 878 577 107.
930 544 971 580 9,
991 542 1035 579 4,

258 588 352 627 >132
376 589 412 617 et
434 591 523 631 137.
572 594 638 629 10,
662 594 700 628 1,
724 596 787 632 23.
842 583 1035 621 mediocri

271 633 333 671 vir
351 635 528 683 ingenio,
546 647 629 675 non
646 636 776 675 solum
795 637 844 675 de
866 637 928 675 his
946 648 1035 674 om-

270 686 407 736 nibus,
426 688 469 726 de
486 688 614 741 quibus
631 689 791 733 dixerat,
805 689 1035 739 conscripsit

222 779 228 782 ,
270 740 437 788 artibus,
459 742 524 780 sed
549 743 724 792 amplius
750 745 804 782 rei
832 744 1032 792 militaris,

270 801 312 830 et
357 796 510 834 msticae
554 797 695 845 etiam,
734 805 775 835 et
819 798 1033 836 medicinae

234 856 237 858 ·
273 850 473 899 praecepta
524 849 682 900 reliquit
737 862 800 899 12,
850 863 915 897 11,
954 862 1030 901 24.

269 899 418 951 scripfit
445 913 528 941 non
546 916 687 954 parum
713 905 858 952 multa,
879 906 1031 955 Scepti-

269 964 339 992 001
365 955 538 1005 secutus,
558 969 642 996 non
660 958 742 996 fine
764 958 876 997 cultu
904 971 952 998 ac
972 959 1035 996 ni-

270 1014 354 1046 tore
390 1021 451 1053 10,
488 1023 526 1057 1,
562 1022 651 1063 124.
707 1011 892 1051 Gallione
929 1014 1034 1064 prior

255 1061 362 1112 finit,
383 1072 420 1100 et
445 1067 669 1104 accuratius
687 1080 798 1119 quam
815 1066 846 1103 is
873 1068 922 1106 de
950 1075 1032 1105 arte

269 1116 427 1156 dicendi
455 1118 603 1168 scripsit
632 1131 672 1170 3,
708 1131 741 1162 1,
774 1131 840 1159 21.
895 1121 1033 1169 adjicit

267 1168 414 1219 figuras
450 1171 649 1222 colorum,
683 1174 811 1212 nimia
846 1175 1033 1214 novitatis

266 1225 484 1273 cupiditate
510 1226 652 1266 duditus
679 1241 721 1278 9,
748 1240 784 1274 1,
807 1229 868 1266 18.
924 1228 964 1266 in
989 1243 1031 1266 a-

267 1275 374 1330 liqua
401 1293 440 1316 re
465 1280 701 1319 Ciceronem
728 1283 783 1320 est
806 1282 963 1321 secutus
989 1291 1030 1330 γ,

270 1342 307 1377 1,
334 1342 394 1370 10.
448 1341 605 1372 ceterum
614 1334 832 1388 plerumque
848 1351 872 1373 a
893 1336 1032 1375 Quinc-

266 1383 397 1423 tiliano
415 1387 686 1437 reprehenditur
703 1403 748 1426 ac
767 1389 965 1441 rfictatur.

213 1438 445 1478 Certamina
463 1441 568 1480 sacra
592 1454 632 1491 3,
655 1452 690 1489 7,
709 1454 751 1492 4.
779 1456 822 1494 9,
841 1456 884 1494 4,
911 1457 925 1482 1
941 1456 973 1482 1.

212 1491 391 1532 Cestius:
418 1494 503 1532 vid.
523 1495 682 1535 Sestius.
862 1546 867 1550 ,

210 1545 413 1597 Cethegus
462 1559 499 1595 1,
539 1559 580 1599 5,
621 1562 686 1599 23.
756 1564 837 1588 eum
874 1551 1028 1590 Ennius

265 1600 412 1639 Suadae
440 1603 662 1642 medullam
688 1613 807 1642 vocat
835 1617 875 1651 2,
902 1616 966 1655 15,
987 1619 1027 1656 4.

268 1654 586 1706 -suaviloquenti
605 1669 672 1696 ore
689 1657 812 1702 fuifl'e,
833 1659 929 1697 dicit
949 1659 1030 1698 En·-

266 1719 358 1747 nius
380 1721 440 1752 11,
462 1722 499 1759 3,
521 1722 586 1759 31.

214 1760 439 1802 Charinus:
485 1765 698 1813 orationes,
735 1777 829 1815 quae
863 1766 1028 1805 Charisii

263 1817 431 1855 nomine
483 1818 671 1866 eduntur,
724 1831 748 1857 a
804 1819 1028 1859 Menandro

264 1869 426 1923 scriptas
443 1880 587 1921 putant
605 1871 783 1918 nonnulli,
804 1873 934 1926 quibus
960 1875 1027 1911 ad-

250 1921 433 1974 stipulari
465 1925 617 1965 videtur
647 1926 722 1979 ipſs.-
754 1926 1028 1966 Quinailianus

270 1989 334 2025 10,
359 1989 396 2026 1,
419 1988 485 2027 70.
835 2016 837 2018 .

211 2031 456 2072 Charmadas
480 2044 543 2080 11,
566 2046 606 2079 2,
625 2034 692 2073 26.

210 2085 379 2135 Chiron,
395 2095 585 2125 centaurus
607 2099 642 2130 1,
662 2097 727 2136 ro,
749 2099 814 2137 30.
843 2089 884 2136 8,
900 2089 941 2138 6,
961 2098 1027 2139 37.

210 2139 710 2193 ChryfippuS,pbiIosop!1us
744 2152 782 2190 1,
807 2137 848 2189 ⁴1,
882 2145 944 2182 16.
988 2156 1025 2190 1,

270 2205 334 2241 10,
353 2207 420 2243 32.
451 2207 490 2243 2,
519 2203 584 2245 15,
607 2204 672 2246 35.
705 2198 906 2245 12,1,18.
953 2197 1028 2248 ejus

265 2257 463 2299 praecepta
489 2249 539 2287 de
556 2248 772 2288 liberorum
789 2250 1028 2289 educatione

268 2313 306 2350 1,
333 2314 397 2350 11,
423 2312 483 2349 17.
537 2302 591 2339 ad
614 2303 880 2354 Chrysippum
901 2304 1029 2356 respici

266 2364 305 2403 7,
327 2370 368 2407 9,
388 2355 713 2403 dicitNFabricius.
767 2358 941 2396 nutrices
970 2359 1027 2396 sa·

263 2410 416 2459 pientes
434 2411 587 2461 optavit
613 2422 650 2456 1,
674 2423 707 2453 1,
730 2423 768 2460 3.
820 2422 845 2450 a
864 2412 1028 2451 nutrici-

262 2463 338 2502 bus
355 2463 443 2512 jam
463 2465 758 2504 informandam
780 2476 903 2515 quam
923 2467 1026 2516 opti-

263 2518 343 2556 mis
377 2518 565 2556 institutis
602 2526 785 2556 mentem
822 2518 1026 2557 infantum

257 2569 414 2619 judicat
437 2584 474 2618 1,
501 2583 539 2619 1,
565 2573 627 2611 16.
683 2573 888 2611 nutricum
906 2572 1027 2612 allec-

264 2626 406 2664 tationi
425 2627 542 2664 fuum
561 2625 767 2676 quoddam
786 2636 950 2664 carmen
969 2626 1014 2665 as
1014 2649 1027 2657 -

263 2678 391 2727 fignat
422 2691 460 2726 1,
484 2690 547 2726 10,
571 2691 636 2728 32.
692 2680 791 2718 caedi
818 2680 1028 2728 discentes,

265 2744 348 2770 non
369 2733 570 2782 improbat
600 2745 637 2780 1,
659 2745 699 2781 3,
725 2745 786 2784 14.
841 2736 1028 2772 chirono-

263 2787 392 2825 miam
407 2786 529 2825 docuit
547 2799 581 2830 1,
601 2798 615 2824 1
628 2798 662 2830 1,
682 2796 746 2834 17.
802 2788 1028 2827 mercedem

263 2852 288 2878 a
306 2840 507 2891 discipulis
524 2842 746 2890 acceptavit
770 2853 829 2884 12,
852 2851 892 2890 7,
914 2853 954 2890 9.

207 2913 255 2923 ——
443 2894 598 2933 Vettius
618 2896 658 2941 6,
680 2906 716 2943 3,
738 2897 803 2934 61.
829 2908 873 2933 v.
894 2910 931 2934 n.

209 2946 366 2996 Cicero,
387 2948 447 2986 M.
466 2947 626 2987 Tullius
640 2955 721 2998 pro.
747 2959 808 2996 13.
843 2961 879 2998 1,
900 2951 938 2992 6,
962 2958 1024 2997 37.

267 3015 306 3049 2,
326 3013 369 3051 4,
388 3010 486 3040 extr.
520 3014 561 3049 2,
586 3003 647 3044 16,
670 3009 704 3049 7.
740 3014 781 3051 2,
801 3013 866 3051 20,
890 3015 951 3041 10.
984 3015 1025 3052 3,
1087 3026 1089 3029 >

266 3069 307 3103 2»
326 3067 367 3106 4·
415 3066 456 3105 39
478 3066 518 3104 32
538 3063 634 3094 extr·
681 3067 722 3104 32
749 3056 875 3106 8550·
921 3068 964 3108 42
985 3069 1026 3104 2,

265 3110 334 3158 64.
381 3116 421 3160 5,
447 3120 511 3157 10,
531 3110 555 3147 6
575 3116 612 3146 et
639 3117 704 3158 73.
751 3118 787 3160 5,
812 3121 876 3159 13,
897 3123 936 3151 2.
985 3118 1026 3160 5,

268 3174 330 3212 14,
352 3161 516 3215 7.fiqq.
564 3163 605 3211 6,
636 3175 672 3205 2,
698 3173 761 3210 3²·
810 3165 912 3212 6,3,
937 3175 1027 3202 111.

251 3226 309 3263 .7‚
334 3229 367 3259 ι.
393 3227 454 3254 10.
486 3225 524 3262 7,
547 3227 582 3258 2.
606 3227 668 3267 39.
703 3225 743 3262 7,
766 3227 806 3265 3,
828 3219 893 3256 28.
927 3218 967 3263 8,
989 3226 1025 3267 5,

270 3282 333 3319 33.
381 3284 422 3321 9,
446 3282 482 3317 1,
506 3279 569 3319 25.
608 3281 659 3331 19,
682 3282 720 3315 2,
745 3279 808 3319 29.
838 3272 902 3318 96.
937 3282 1026 3313 102.

266 3337 308 3375 9,
331 3335 370 3372 3,
391 3335 457 3374 40·
488 3334 527 3371 9›
543 3333 582 3372 4·
602 3331 686 3359 νυν·
707 3331 771 3373 ³5·
790 3331 853 3372 53·
878 3325 942 3373 56·
960 3333 1025 3373 57·

272 3388 337 3422 10,
363 3389 401 3426 1,
423 3388 487 3426 39.
513 3388 601 3425 113.
625 3387 712 3426 114.
746 3387 809 3423 10,
832 3384 871 3426 5,
893 3389 930 3417 2.
965 3387 1026 3420 10,

267 3440 308 3478 7,
335 3443 396 3479 13.
440 3437 601 3480 12,pro.
621 3441 662 3480 4.
710 3441 769 3472 12,
796 3441 832 3475 1,
856 3441 920 3469 21.
961 3442 1026 3477 12,

266 3496 307 3529 2,
331 3496 396 3533 23.
447 3496 511 3530 12,
536 3493 572 3530 7,
592 3494 632 3533 4·
687 3495 749 3530 12,
775 3494 839 3530 10,
863 3491 930 3534 45.
958 3491 1026 3533 52.

267 3549 331 3587 54.
355 3539 418 3587 56.
456 3550 520 3583 12,
549 3548 609 3585 11,
632 3548 683 3586 24
700 3544 736 3573 et
756 3547 820 3583 27.

392 3590 508 3631 Verba
526 3590 599 3642 ejus
621 3596 762 3641 praeter
789 3604 843 3634 ea,
864 3602 947 3643 que
966 3590 1027 3629 de-

1174 420 1257 458 inde
1274 421 1346 472 fieb
1358 419 1592 471 stragularum
1613 418 1787 458 Iib'rorum
1815 419 1937 459 titulis

1176 472 1257 512 &a
1286 475 1524 526 recensentur,
1553 486 1593 520 2,
1627 485 1690 519 12,
1721 483 1757 521 7.
1806 487 1846 522 2,
1871 483 1933 526 15,

1172 539 1238 576 33·
1273 539 1315 574 2,
1337 539 1404 575 21,
1428 539 1490 578 ¹4·
1532 539 1572 577 3,
1595 536 1634 577 5,
1663 529 1724 565 ¹8·
1757 540 1799 578 4,
1825 540 1857 571 1,
1879 539 1934 579 74

1169 589 1207 617 et
1229 591 1291 628 79.
1337 592 1380 630 4,
1400 593 1439 628 2,
1462 593 1484 620 2
1504 589 1540 618 et
1567 593 1655 621 121.
1702 582 1742 627 6,
1763 594 1803 631 3,
1824 583 1878 632 84
1896 591 1933 621 et

1170 644 1236 685 97.
1266 635 1307 681 8,
1333 646 1369 683 3,
1390 646 1455 674 21.
1486 635 1526 682 8,
1548 643 1587 684 5,
1611 644 1647 682 7.
1680 636 1717 677 8,
1739 636 1864 686 6,47.
1892 648 1931 685 9,

1171 700 1211 735 2,
1230 699 1298 738 40·
1325 689 1393 739 43·
1424 697 1489 739 54·
1521 697 1585 738 55·
1615 688 1682 738 56·
1712 696 1777 738 57·
1825 701 1865 742 99
1887 702 1929 738 3»

1166 753 1236 791 40.
1257 752 1323 786 42.
1340 750 1495 792 43.·45.
1514 752 1582 792 47.
1602 743 1669 792 48.
1687 754 1755 793 49.
1777 742 1841 793 85.
1863 744 1929 790 87.

1168 808 1210 846 9,
1229 808 1272 845 4,
1295 806 1342 844 93
1365 803 1401 833 et
1423 807 1511 845 103.
1555 807 1614 838 11,
1641 808 1678 845 1,
1699 808 1765 844 92.
1803 809 1867 842 11,
1888 808 1928 845 3,

1169 851 1191 887 8
1211 857 1247 886 et
1263 850 1328 887 60.
1374 851 1613 887 mastrucam
1637 849 1808 888 illudens
1826 851 1930 889 dixit

1171 914 1208 949 1,
1231 911 1271 952 5,
1298 904 1336 941 8.
1391 903 1678 953 canopitarum
1706 904 1929 943 exercitum

1166 957 1263 995 dicit
1295 968 1332 1003 1,
1363 965 1402 1007 5,
1437 968 1498 1005 13.
1553 957 1651 995 dicit
1677 957 1805 1004 Plato,
1826 958 1930 996 Her-v

1168 1022 1330 1060 magora
1363 1022 1400 1057 1,
1428 1019 1468 1061 5,
1489 1011 1554 1048 60.
1571 1011 1656 1065 fiq.
1720 1023 1821 1050 voce
1835 1011 1928 1063 stcb-

1165 1064 1358 1115 abficrdum
1394 1066 1520 1103 utitur
1550 1077 1587 1113 1,
1620 1075 1660 1116 5,
1689 1065 1755 1116 65.
1808 1067 1850 1112 6,
1887 1078 1928 1114 3,

1167 1130 1231 1167 23.
1288 1118 1332 1155 de
1358 1117 1492 1167 Capfls
1525 1130 1561 1166 1,
1595 1127 1630 1168 5,
1652 1120 1719 1158 66.
1773 1127 1929 1170 etymo-

1165 1171 1271 1222 logia
1289 1174 1324 1210 ei
1348 1171 1453 1211 dieta
1471 1173 1526 1210 est
1553 1174 1707 1211 notatio
1738 1185 1775 1220 1,
1797 1175 1838 1222 6,
1860 1175 1925 1213 28.

1165 1224 1426 1278 veriloquium,
1455 1226 1564 1276 quod
1596 1227 1676 1276 ipse
1703 1224 1837 1274 finxit,
1868 1239 1929 1266 re-

1165 1280 1353 1318 formidat
1383 1280 1474 1318 ibid.
1528 1280 1710 1329 favorem
1745 1289 1784 1319 et
1817 1280 1927 1318 urba-

1164 1347 1251 1370 num
1278 1344 1384 1372 nova
1410 1333 1534 1372 credit
1561 1335 1602 1380 8,
1631 1346 1672 1383 3,
1695 1346 1760 1385 34.
1814 1335 1927 1384 dicit,

1164 1386 1323 1424 invideo
1342 1388 1448 1426 hanc
1469 1399 1554 1426 rem
1582 1399 1625 1437 9,
1647 1400 1686 1436 3,
1713 1400 1746 1427 1.
1802 1400 1931 1438 reprc-

1164 1441 1354 1479 henditur
1385 1442 1436 1479 ab
1470 1452 1530 1484 eo,
1563 1441 1812 1479 contumeliam
1826 1443 1929 1494 fecit

1165 1508 1206 1546 9,
1229 1506 1266 1543 3,
1293 1507 1354 1544 ¹3·
1408 1495 1694 1534 sententiarum
1711 1496 1930 1535 vocabulum

1163 1549 1271 1598 apud
1298 1549 1535 1588 Ciceronem
1562 1560 1646 1588 non
1674 1550 1836 1588 invenio
1861 1563 1925 1598 12,

1169 1615 1234 1651 10,
1262 1604 1329 1652 48.
1385 1602 1460 1653 ejus
1474 1602 1568 1655 sunt
1594 1603 1776 1651 beatitas,
1803 1604 1927 1643 beat'r-

1164 1657 1277 1703 tudo,
1298 1656 1507 1695 Sullaturit
1539 1658 1581 1704 8,
1620 1669 1660 1706 3,
1697 1669 1762 1706 32.
1817 1658 1928 1696 obse-

1164 1711 1308 1759 quium
1328 1722 1352 1749 a
1368 1711 1557 1749 Terentio
1575 1712 1754 1761 primum
1769 1711 1926 1751 dietum

1164 1772 1279 1813 putat
1307 1764 1348 1812 8,
1378 1775 1416 1813 3,
1446 1773 1511 1814 35.
1566 1764 1718 1812 dietum,
1739 1765 1928 1815 judicium

1169 1815 1250 1855 ἃδε.
1282 1818 1357 1868 ejus
1389 1819 1438 1856 de
1465 1818 1619 1856 actione
1647 1818 1723 1857 Cn.
1752 1819 1928 1868 Lentuli,

1103 1865 1105 1867 ¹
1165 1872 1350 1914 Gracchi,
1372 1873 1558 1919 Antonii,
1578 1871 1715 1921 Crasti,
1742 1872 1794 1911 Q,
1826 1873 1930 1912 Hor-

1165 1925 1276 1964 tenfii
1312 1937 1376 1972 11,
1401 1939 1440 1975 3,
1464 1927 1502 1964 8.
1557 1926 1606 1964 de
1636 1926 1677 1964 S.
1707 1927 1855 1965 Annali
1889 1929 1927 1971 6,

1166 1991 1203 2028 3,
1221 1981 1287 2018 86.
1310 2010 1313 2012 .
1342 1981 1392 2018 de
1409 1980 1625 2030 Antipatro
1640 1980 1806 2018 Sidonio
1824 1989 1863 2019 et
1883 1982 1928 2020 L.

1163 2033 1314 2072 Archia
1355 2046 1419 2082 10,
1459 2043 1498 2081 7,
1541 2045 1602 2082 19.
1674 2034 1724 2072 de
1759 2035 1931 2074 Antonii

1162 2087 1273 2125 fusca
1299 2087 1398 2126 'voce
1436 2100 1500 2135 11,
1522 2100 1561 2137 3,
1587 2095 1676 2134 171.
1730 2089 1780 2126 de
1808 2089 1930 2128 Bruto

1169 2152 1234 2189 10,
1256 2151 1296 2188 7,
1318 2150 1383 2188 27.
1437 2142 1487 2179 de
1515 2141 1640 2179 Calvo
1672 2153 1736 2189 10,
1769 2154 1806 2190 1,
1839 2152 1928 2193 115.

1164 2194 1213 2232 de
1233 2196 1276 2234 L.
1297 2195 1425 2233 Cottae
1444 2196 1659 2234 rusticitate
1685 2196 1769 2233 soni
1801 2208 1865 2242 11,
1886 2209 1926 2245 3,

1168 2259 1230 2286 10.
1286 2248 1335 2287 de
1353 2249 1561 2287 Demetrio
1588 2246 1776 2287 Phalereo
1799 2261 1863 2298 10,
1889 2263 1927 2297 1,

1165 2304 1230 2340 80.
1288 2314 1417 2352 neque
1450 2303 1484 2341 ei
1519 2303 1598 2353 ipse
1635 2303 1926 2342 Demosthenes

1162 2356 1317 2394 videtur
1344 2357 1434 2394 satis
1461 2355 1536 2394 effe
1564 2355 1756 2406 per‘fefitus
1790 2369 1853 2405 12,
1890 2370 1926 2403 1,

1164 2422 1230 2450 22.
1285 2409 1334 2447 de
1367 2410 1570 2449 Memmio
1608 2411 1648 2457 6,
1682 2422 1723 2459 3,
1758 2411 1822 2458 67.
1878 2410 1927 2449 de

1161 2462 1332 2502 Publilia
1359 2465 1399 2511 6,
1421 2476 1462 2514 3,
1495 2472 1560 2514 75.
1614 2464 1663 2501 de
1691 2464 1848 2509 Roscio,
1869 2479 1926 2501 co-

1162 2517 1276 2555 moedo
1310 2529 1350 2566 9,
1385 2529 1425 2566 3,
1462 2519 1528 2556 86.
1607 2517 1658 2555 de
1685 2518 1924 2567 Thucydide

1161 2578 1201 2608 et
1218 2571 1490 2621 Xenophonte
1513 2582 1577 2617 10,
1603 2583 1636 2614 1,
1660 2582 1724 2620 33·
1779 2572 1828 2610 de
1847 2571 1927 2623 ¹Va-

1162 2624 1252 2662 tinii
1286 2633 1414 2662 morte
1442 2626 1483 2673 6,
1513 2636 1548 2674 3,
1571 2625 1620 2662 68
1655 2632 1690 2662 et
1721 2627 1786 2675 84.
1842 2626 1927 2663 dic-

1162 2685 1252 2716 tum
1273 2679 1315 2716 in
1336 2678 1512 2717 Accium
1532 2679 1569 2721 6,
1591 2681 1636 2728 3,‘
1650 2678 1715 2726 96.
1772 2680 1814 2717 in
1832 2679 1925 2717 Clo·

1094 2740 1098 2741 ⁷
1161 2731 1273 2770 diam
1303 2743 1343 2781 9,
1364 2744 1406 2780 2,
1427 2743 1492 2784 99.
1549 2732 1591 2770 in
1615 2732 1743 2770 Clodii
1770 2734 1926 2771 caedem

1162 2786 1204 2831 6,
1237 2796 1277 2834 3,
1308 2796 1375 2836 49.
1445 2786 1487 2823 in
1520 2785 1582 2824 M.
1609 2785 1787 2824 Coelium
1822 2788 1862 2833 6,
1887 2800 1925 2835 3,

1163 2840 1230 2890 69.
1296 2839 1338 2877 in
1376 2840 1495 2890 coqui
1532 2838 1663 2878 filium
1701 2841 1739 2883 6,
1778 2851 1818 2894 3,
1855 2852 1925 2890 47.

1162 2893 1204 2930 in
1232 2892 1450 2931 Curionem
1484 2893 1525 2939 6,
1558 2905 1599 2942 3,
1636 2893 1700 2939 76.
1756 2893 1798 2931 in
1832 2893 1926 2933 Vib.

1161 2945 1330 2985 Curium
1363 2947 1404 2994 6,
1433 2959 1473 2996 3,
1507 2955 1570 2996 73.
1625 2947 1667 2984 in
1702 2946 1821 2985 Hirtii
1857 2948 1925 2986 de·

1161 2999 1447 3039 clamationem
1479 3003 1521 3047 8,
1552 3012 1591 3049 3,
1624 3010 1687 3050 54.
1743 3001 1785 3038 in
1821 3000 1926 3040 Hor-

1162 3053 1275 3091 tenfii
1314 3054 1538 3104 Sphingem
1582 3055 1624 3101 6,
1661 3066 1700 3103 3,
1742 3055 1807 3102 98.
1881 3056 1926 3093 in

1163 3107 1382 3147 Isauricum
1421 3109 1461 3155 6,
1499 3120 1539 3157 3,
1572 3109 1640 3157 48.
1716 3106 1756 3144 in
1795 3107 1922 3147 Pleto-

1164 3161 1272 3199 rium
1300 3163 1341 3208 6,
1379 3173 1418 3211 3,
1455 3171 1520 3212 51.
1574 3163 1617 3199 in
1642 3159 1844 3199 Triarium
1879 3173 1921 3212 5,

1167 3225 1232 3263 13,
1263 3226 1332 3264 40.
1388 3216 1430 3253 in
1467 3214 1678 3254 Vatinium
1712 3215 1753 3260 6,
1786 3226 1826 3263 3,
1860 3223 1926 3263 77.

1163 3268 1234 3305 alii
1261 3268 1411 3320 (jusdem
1426 3268 1506 3319 joci
1535 3269 1576 3315 6,
1599 3280 1638 3317 3,
1670 3276 1731 3316 73.
1760 3269 1826 3317 84.
1855 3282 1924 3319 91.

1170 3333 1258 3361 112.
1285 3322 1378 3372 coeff.
1400 3323 1441 3369 6,
1463 3333 1503 3371 3,
1523 3322 1569 3358 ab
1590 3320 1717 3358 initio.-
1745 3320 1790 3357 de
1815 3322 1926 3359 urba-

1162 3388 1206 3412 ne
1224 3374 1330 3412 diens
1353 3375 1462 3426 isfius
1481 3374 1567 3412 libri
1595 3374 1647 3412 Ο.
1668 3374 1870 3414 Ciceronis
1889 3384 1925 3413 et

1161 3428 1323 3466 Tironis
1342 3427 1468 3467 liberti
1491 3428 1531 3474 6,
1553 3439 1593 3476 3,
1614 3435 1653 3477 5.

1117 3485 1122 3490 ”
1287 3480 1577 3519 commentarii
1604 3480 1694 3531 ejus,
1721 3491 1765 3530 4,
1795 3492 1832 3528 1,
1858 3482 1927 3529 69.

1167 3545 1232 3581 10,
1273 3543 1311 3581 7,
1352 3545 1417 3583 30.
1489 3542 1590 3583 quos
1626 3533 1789 3576 libertus
1828 3535 1925 3574 Tiro

1163 3588 1365 3627 contraxit
1387 3599 1452 3636 ιο,
1476 3595 1516 3636 7,
1537 3598 1601 3637 31.

1119 3652 1145 3681 u
1164 3652 1191 3679 n
1207 3653 1235 3692 4
