2320 4030
559 290 839 346 1NsT1T.
885 290 1224 357 ORATOR.
1259 290 1404 340 Lm.
1439 291 1526 340 Χῖ.
1561 305 1609 352 3.

1846 290 1942 355 287

233 434 569 500 Graecorum,
592 433 728 486 veste
766 431 1155 485 continebatur.
1230 427 1336 481 Sed
1368 445 1466 480 nos
1501 425 1570 479 de
1606 422 1951 496 praesentibus

229 501 519 575 loquimur.
592 504 697 557 Cui
719 503 812 555 lati
834 502 970 556 clavi
993 511 1016 534 '‘
1042 500 1135 572 jus
1161 516 1270 552 non
1305 498 1424 562 erit,
1452 497 1528 550 ita
1561 495 1827 566 cingatur,
1852 505 1952 549 ut²

232 575 432 628 tunicae
466 574 730 646 prioribus
766 574 872 626 oris
906 571 1043 626 infra
1076 587 1257 642 genua
1290 568 1553 640 paullum,
1585 567 1954 637 posterioribus

233 644 303 699 ad
338 645 545 698 medios
579 645 807 716 poplites
843 644 1009 715 usque
1031 640 1358 713 perveniant.
1430 640 1576 692 Nam
1602 637 1737 689 infra
1759 637 1955 690 mulie-

141 736 214 775 ¹39
236 734 357 769 rum
391 717 484 783 est,
516 717 666 787 supra
700 714 1095 768 centurionum.
1170 712 1248 764 Ut
1284 727 1527 782 purpurae
1559 708 1702 760 reete
1740 706 1955 760 descen-

237 787 386 853 dant,
410 786 542 840 levis
583 805 707 839 cura
743 786 836 839 est.
908 785 1144 838 Notatur
1175 782 1389 834 interim
1425 778 1777 851 negligentia.
1852 780 1956 830 La-

235 868 357 911 tum
390 858 702 910 habentium
734 856 946 910 clavum
978 853 1172 906 modus
1198 853 1289 917 est,
1314 862 1378 904 ut
1406 851 1467 902 fit
1492 849 1730 922 paullum
1768 848 1959 903 cinetis

157 956 161 959 ·
235 927 545 982 submiffior.
619 926 790 1000 Ipsam
831 938 1017 999 togam
1057 922 1339 977 rotundam
1376 921 1497 988 esse,
1531 932 1587 973 et
1618 931 1739 1001 apte
1771 921 1962 974 caesam

237 999 420 1054 velim.
501 997 676 1052 Aliter
722 998 865 1051 enim
919 995 1101 1050 multis
1147 993 1323 1047 modis
1371 992 1466 1046 fiet
1511 1009 1763 1044 enormis.

1839 992 1962 1045 Pars

238 1070 356 1143 ejus
400 1069 542 1142 prior
582 1068 772 1122 mediis
816 1068 1060 1122 cruribus
1096 1065 1301 1136 optime
1339 1061 1673 1128 terminatur,
1717 1062 1963 1133 posterior

147 1159 220 1201 ²40
241 1140 425 1196 eadem
462 1139 704 1213 portione
739 1138 898 1194 altius
934 1155 1098 1211 quam
1135 1134 1393 1189 cinetura.
1467 1133 1628 1187 Sinus
1663 1133 1960 1186 decentiffi—

774 1320 798 1345 ¹
824 1313 1049 1354 laticlavius
1067 1310 1120 1352 G.

305 1458 405 1510 138.
421 1454 530 1512 ficut
547 1457 803 1510 Graecorum]
841 1454 1063 1498 AEschines

245 1513 290 1558 in
308 1512 531 1558 Timarch.
553 1531 596 1572 p.
624 1529 721 1566 174.
745 1515 798 1557 B.
830 1514 954 1558 οὕτως
975 1512 1066 1554 ἦσαν

244 1574 412 1625 enimc
427 1573 455 1612 οἳ
473 1576 613 1627 ἀρχαῖοι
631 1572 746 1611 ἐκεῖνοι
763 1573 909 1624 ῥήτορες,
926 1571 943 1608 ὅ
968 1580 1065 1623 Περι-

244 1630 332 1670 κλῆς
361 1628 388 1681 (3
415 1627 432 1665 ὃ
459 1629 685 1677 Θεμιςοκλῆς
710 1628 737 1680 ³5}
768 1627 784 1664 ὅ
811 1625 1066 1676 Ἀριςείδης,--

246 1683 333 1735 ὕςε,
352 1681 448 1722 emt
466 1683 610 1725 «πάντες
624 1681 657 1719 ἐν
682 1681 757 1719 ἔθει
774 1683 1005 1731 πράττομεν,
1023 1678 1066 1717 τὸ

245 1739 310 1779 τὴν
328 1739 437 1791 ’χεῖρα
463 1733 530 1784 ἔξω
554 1734 698 1788 ἔχοντες
721 1734 851 1782 λέγειν,
870 1732 952 1772 τότε
975 1734 1067 1772 τέτο

246 1792 370 1844 &gaab
395 1801 438 1829 τε
453 1787 569 1833 ,ἐδόκει
594 1787 695 1838 εἶναι,
715 1789 741 1840 {t}
767 1785 960 1826 εὖλαξέντο
981 1786 1069 1825 αἶα-ὃ

249 1848 453 1899 mpla-rw:
484 1856 531 1885 ac
550 1852 746 1900 provocat
761 1841 904 1883 deinde
922 1840 971 1882 ad
994 1841 1068 1881 So·

249 1900 356 1943 lonis
377 1900 579 1944 Salamine
596 1899 785 1949 statuam,
806 1900 848 1940 in
871 1912 955 1955 qua
982 1900 1068 1937 ἀνά-

250 1974 387 2010 κειται,
418 1959 511 2003 ive-Bc,-
541 1960 603 1998 τὴν
634 1960 740 2011 χεῖρα,
772 1956 875 2010 ἔχων.
916 1956 1070 2012 ,Neque

249 2016 507 2060 vehementer
533 2016 608 2059 hac
629 2014 673 2056 in
697 2029 740 2058 re
759 2014 954 2057 AEschini
973 2028 1070 2056 con-

251 2073 435 2126 tradicit,
455 2074 520 2117 sed
548 2073 722 2116 oratorie
749 2082 871 2128 urget
889 2072 1072 2115 adversa-

251 2131 362 2175 rium
382 2132 670 2176 Demosthenes
688 2130 739 2173 de
758 2130 857 2172 falsa
871 2130 1002 2186 legat.
1025 2145 1069 2187 p.

254 2203 358 2244 233.
381 2191 438 2233 C.
468 2191 519 2231 Οὐ
537 2190 651 2238 λέγειν
668 2189 738 2228 ’ἑο-ω
758 2191 818 2229 τὴν
842 2191 946 2242 χεῖρα.
973 2187 1074 2242 ἔχον-

252 2262 307 2286 τα.
325 2249 392 2298 δὶῗ,
407 2248 596 2288 etz-ama
615 2243 817 2296 arpeo-Ceam
831 2244 903 2284 ἔσω
921 2247 980 2283 τὴν
995 2246 1076 2298 χεῖ-

254 2301 473 2400 ςαοὲρὰονπ,
497 2315 548 2344 ne
574 2297 678 2357 quid
714 2299 891 2356 accipiat
923 2298 1077 2342 scilicet

255 2370 344 2399 mu
377 2372 416 2401 e.
902 2374 903 2377 ¹

295 2370 421 2468 J138.
450 2411 527 2457 lati
543 2408 679 2466 clavi]
702 2411 844 2456 Lineae
862 2427 1078 2471 purpureae

259 2472 306 2516 in
327 2473 463 2516 media
491 2472 634 2514 tunica
663 2471 713 2512 ad
793 2470 1078 2528 rpendiculum

259 2529 562 2574 descendentis:
598 2543 723 2586 quam
759 2528 819 2571 ati
845 2528 962 2572 clavi
978 2529 1082 2572 defi-

259 2589 460 2632 nitionem
484 2588 666 2630 Rubenii
686 2587 818 2629 studio
847 2587 1083 2643 indagatam

263 2647 444 2691 breviter
479 2645 688 2704 proposuit
731 2655 856 2702 atque
892 2646 1084 2701 probavit

264 2705 463 2749 Graevius
505 2702 623 2761 praef.
659 2702 789 2746 Tom.
828 2703 912 2745 VI.
951 2702 1083 2745 Thes.

264 2763 394 2808 Rom.
433 2764 642 2806 Caeterum
663 2760 747 2802 lato
765 2760 882 2803 clavo
900 2761 975 2817 qui
994 2771 1086 2802 ute-

265 2831 423 2872 rentur,
443 2835 511 2862 eos
531 2820 642 2876 cingi
672 2833 752 2860 non
773 2818 927 2868 solitos,
947 2818 1010 2860 vel
1037 2833 1087 2861 ex

262 2879 347 2926 <hoc
365 2880 451 2937 ipso
466 2878 555 2921 loco
572 2877 692 2919 docet
709 2877 869 2919 Ferrar.
897 2890 936 2926 ι,
954 2891 970 2918 1
983 2891 1022 2929 3.
1047 2891 1088 2930 3,

270 2952 314 2990 7.
336 2947 377 2980 et
399 2952 439 2991 3,
464 2951 534 2978 12.
585 2936 735 2990 Itaque
760 2933 900 2992 paullo
917 2932 1087 2976 inferius

264 2994 474 3041 ‚descendit
490 2992 696 3037 laticlavia
714 2993 855 3035 tunica
868 3006 995 3049 quarn
1015 3006 1087 3034 an-

272 3051 528 3111 gusticlavia,
548 3066 642 3108 quae
671 3059 836 3107 propter
855 3049 981 3108 ipsam
1000 3051 1089 3092 cin-

274 3111 399 3169 gendi
417 3112 616 3153 rationem
635 3107 855 3151 attollitur.

339 3184 437 3225 ¹39·
471 3168 524 3210 Ut
536 3166 750 3224 purpurae]
776 3166 826 3208 In
846 3164 1091 3223 angusticla-

276 3227 346 3270 via
376 3226 517 3269 tunica
549 3225 632 3267 duo
666 3235 806 3267 tenues
845 3222 967 3273 clavi,
997 3222 1093 3265 duae

276 3284 410 3335 lineae,
430 3298 508 3341 pur
536 3297 675 3325 ureae:
707 3282 750 3323 in
778 3279 985 3324 laticlavia
1011 3294 1096 3323 una

278 3342 416 3385 latior.
450 3342 504 3383 Vi
539 3370 550 3383 .
572 3340 717 3382 Graev.
741 3338 772 3381 1.
794 3354 833 3381 c.

345 3416 440 3455 139.
469 3398 607 3442 eadem
618 3395 800 3453 portione
816 3394 958 3448 altius]
991 3395 1098 3438 Sim-

267 3459 444 3516 pliciter
460 3455 647 3512 intelligo
665 3469 714 3496 ex
740 3453 881 3512 regula
900 3452 1098 3508 analogiae

282 3514 315 3560 s.
355 3513 627 3575 proportionis
671 3512 820 3570 (quam
858 3509 1100 3555 Columella:

1229 1313 1248 1336 ²
1279 1317 1319 1349 et
1335 1309 1442 1350 Jeus.

1470 1418 1486 1432 O

1142 1450 1267 1494 etiarn
1292 1447 1514 1506 portionem
1552 1446 1626 1490 effe
1662 1447 1764 1490 alias
1799 1448 1964 1504 notavi)

1144 1509 1222 1551 hoc
1241 1509 1393 1550 modo:
1427 1514 1630 1563 quantum
1660 1520 1754 1562 pars
1775 1506 1966 1563 posterior

1144 1567 1299 1609 tunicae
1313 1565 1458 1607 cine'tae
1475 1565 1602 1620 (hanc
1617 1565 1726 1606 enim
1742 1562 1968 1608 cinauram

1111 1640 1113 1642 ·
1145 1624 1218 1667 effe
1250 1621 1461 1682 persuadet
1494 1622 1599 1665 mihi
1632 1622 1865 1678 Ferrarius)
1907 1622 1967 1664 al-

1146 1684 1230 1725 tior
1257 1681 1312 1724 est
1339 1681 1556 1729 anteriore,
1575 1688 1739 1722 tantum
1769 1689 1878 1736 togae
1909 1679 1971 1729 la-

1149 1741 1260 1783 cinia
1286 1739 1478 1797 posterior
1507 1737 1629 1780 altior
1657 1735 1730 1780 effe
1756 1738 1877 1780 debet
1896 1753 1971 1781 an-

1149 1808 1313 1841 terrore.

1213 1870 1313 1908 140.
1354 1852 1475 1896 Sinus
1511 1852 1814 1906 decentiffi‘mus]
1851 1853 1974 1898 Sinus

1149 1923 1286 1956 toturn
1317 1912 1420 1955 illud
1450 1926 1599 1954 cavum
1628 1921 1814 1962 vocatur,
1834 1912 1885 1955 de
1903 1915 1968 1956 A.

1151 1971 1335 2015 Rubenii
1362 1970 1610 2026 Graeviique
1629 1969 1839 2020 sententia,
1859 1972 1973 2027 quod

1152 2045 1242 2072 com
1301 2029 1413 2070 nitur
1445 2042 1494 2069 ex
1515 2027 1635 2084 plicis
1665 2037 1774 2083 togae
1793 2028 1843 2069 de
1875 2028 1976 2072 dex-

1153 2097 1218 2130 tro
1274 2100 1415 2130 umero
1443 2086 1776 2142 procurrentibus
1807 2085 1856 2127 ad
1880 2088 1977 2130 bra·-

1155 2146 1296 2188 cbium
1326 2143 1540 2186 sinistrum.
1587 2145 1672 2186 Hie
1702 2142 1859 2199 aliquid
1888 2148 1977 2204 tegi

1156 2204 1327 2260 gerique
1366 2200 1508 2258 potest,
1547 2200 1625 2242 hoc
1663 2201 1842 2244 addmsto
1887 2203 1977 2246 {inu

1156 2261 1284 2319 potest
1315 2259 1469 2315 aliquis
1498 2257 1645 2301 faciem
1673 2258 1880 2302 demiffam
1906 2277 1979 2304 oc·

1156 2319 1333 2368 cultam,
1353 2327 1393 2359 et
1426 2316 1476 2358 {ic
1504 2315 1548 2358 in
1567 2315 1659 2371 stnu
1687 2318 1873 2372 gaudere
1891 2321 1974 2362 &c-

1159 2379 1315 2419 Verum
1334 2376 1384 2417 de
1412 2374 1490 2416 hoc
1508 2382 1611 2430 togae
1631 2374 1723 2430 stnu
1744 2375 1810 2416 hic
1833 2376 1981 2419 sermo-

1159 2449 1252 2477 nem
1289 2433 1378 2483 effe,
1412 2433 1516 2474 mihi
1555 2447 1634 2474 non
1668 2432 1716 2474 fit
1750 2436 1980 2489 probabile,

1161 2507 1256 2535 cum
1276 2505 1357 2533 non
1379 2490 1623 2547 intelligam,
1646 2490 1852 2546 quomodo
1866 2492 1983 2544 finus

1161 2559 1266 2605 tqgrae
1299 2547 1465 2591 inferior
1495 2546 1568 2590 effe
1599 2547 1682 2590 ima
1714 2556 1809 2603 toga
1843 2551 1978 2607 poffit.

1165 2607 1326 2650 ‘Tunicae
1354 2608 1482 2664 igitur
1495 2605 1631 2660 finum
1661 2607 1861 2663 intelligo,
1887 2625 1982 2653 eum

1163 2666 1386 2724 praesertim
1433 2678 1559 2720 quem
1609 2663 1793 2707 cinaura
1838 2667 1981 2713 efficit.

1165 2723 1379 2766 Nimirum
1413 2721 1480 2764 ille
1511 2722 1635 2770 finus,
1663 2737 1747 2778 quo
1781 2725 1882 2780 quid
1915 2742 1987 2768 oc..

1166 2780 1349 2823 cultatur
1369 2780 1432 2822 vel
1462 2781 1633 2835 geritur,
1654 2781 1988 2837 commodiffime,

1171 2839 1283 2895 quod
1328 2838 1516 2881 videmus
1565 2838 1764 2894 quotidie,
1802 2841 1991 2887 cineiura

1169 2896 1359 2939 efficitur.
1393 2894 1585 2939 Catullus
1607 2897 1647 2937 in
1668 2896 1792 2951 Juliae
1813 2907 1853 2939 et
1874 2899 1988 2943 Mal-

1170 2953 1217 2996 lii
1248 2953 1434 3012 Epithal.
1465 2969 1508 3010 p.
1536 2968 1632 3006 130,
1654 2954 1761 2997 Vols.
1797 2954 1902 3007 Tibi,
1924 2960 1988 3000 in-

1171 3013 1281 3068 quit,
1301 3013 1348 3055 H
1366 3025 1516 3054 meneae
1534 3010 1722 3066 virgines
1739 3013 1889 3056 zonula
1902 3018 1987 3072 sbl.

1170 3078 1283 3112 vunt
1299 3027 1438 3125 spus.-
1482 3069 1759 3123 metaphorice
1794 3071 1861 3113 ille
1892 3077 1989 3129 qui-

1169 3128 1281 3178 dem,
1303 3124 1367 3168 sed
1386 3137 1436 3169 ut
1463 3127 1752 3183 proprietatem
1773 3138 1906 3171 tamen
1929 3134 1992 3175 in-

1171 3184 1223 3228 de
1243 3185 1539 3242 intelligamus.
1590 3186 1737 3227 Cicero
1766 3187 1816 3228 ad
1839 3189 1989 3249 QFr,

1175 3258 1220 3293 2,
1246 3244 1401 3300 13,'pr.
1439 3239 1564 3290 Mihi,
1583 3242 1715 3292 crede,
1743 3242 1786 3284 in
1801 3244 1894 3298 sinu
1923 3249 1991 3304 est,

1177 3314 1301 3358 neque
1318 3314 1388 3356 ego
1406 3298 1618 3358 distingor‚
1634 3309 1680 3341 ut
1700 3301 1884 3344 excidere
1903 3307 1994 3361 pos.

1179 3358 1226 3400 fit
1263 3357 1428 3400 scilicet.
1479 3357 1594 3415 Qin
1630 3357 1767 3399 Caesar
1801 3363 1995 3413 moriens,

1180 3430 1276 3458 cum
1305 3415 1401 3458 teste
1434 3415 1599 3456 Sueton.
1636 3428 1676 3456 c.
1715 3419 1786 3465 82,
1826 3418 1996 3477 Sinzstra

1180 3486 1305 3515 manu
1318 3472 1453 3525 finum
1480 3472 1538 3514 ad
1561 3471 1644 3512 ima
1672 3486 1795 3515 crura
1812 3475 1999 3529 deduxit,

1181 3529 1316 3582 nescio
1336 3545 1387 3578 an
1406 3544 1525 3587 aeque
1545 3530 1757 3574 commode
1776 3531 1851 3576 hoc
1874 3536 1915 3577 in
1935 3547 2006 3578 tu-
