<?xml version="1.0" encoding="UTF-8"?>
<!DOCTYPE html PUBLIC "-//W3C//DTD XHTML 1.0 Transitional//EN"
    "http://www.w3.org/TR/xhtml1/DTD/xhtml1-transitional.dtd">
<html xmlns="http://www.w3.org/1999/xhtml" xml:lang="en" lang="en">
 <head>
  <title>
</title>
<meta http-equiv="Content-Type" content="text/html;charset=utf-8" />
  <meta name='ocr-system' content='tesseract 3.04.00' />
  <meta name='ocr-capabilities' content='ocr_page ocr_carea ocr_par ocr_line ocrx_word'/>
</head>
<body>
  <div class='ocr_page' id='page_1' title='image "./deinstitutioneor02quinuoft_0333.png"; bbox 0 0 2320 4030; ppageno 0'>
   <div class='ocr_carea' id='block_1_1' title="bbox 625 364 2001 437">
    <p class='ocr_par' dir='ltr' id='par_1_1' title="bbox 625 364 2001 437">
     <span class='ocr_line' id='line_1_1' title="bbox 625 364 2001 437; baseline -0.001 -18"><span class='ocrx_word' id='word_1_1' title='bbox 625 364 908 419; x_wconf 86' lang='lat' dir='ltr'><strong>INSTIT.</strong></span> <span class='ocrx_word' id='word_1_2' title='bbox 943 367 1289 419; x_wconf 83' lang='lat' dir='ltr'>ORATOR.</span> <span class='ocrx_word' id='word_1_3' title='bbox 1322 366 1464 418; x_wconf 82' lang='lat' dir='ltr'><strong>LIB.</strong></span> <span class='ocrx_word' id='word_1_4' title='bbox 1496 366 1614 418; x_wconf 84' lang='lat' dir='ltr'>x11.</span> <span class='ocrx_word' id='word_1_5' title='bbox 1644 367 1696 417; x_wconf 76' lang='lat'>8.</span> <span class='ocrx_word' id='word_1_6' title='bbox 1901 377 2001 437; x_wconf 72' lang='lat'>3²5</span> 
     </span>
    </p>
   </div>
   <div class='ocr_carea' id='block_1_2' title="bbox 203 500 1997 3058">
    <p class='ocr_par' dir='ltr' id='par_1_2' title="bbox 203 500 1997 3058">
     <span class='ocr_line' id='line_1_2' title="bbox 269 500 1996 559; baseline -0.001 -1"><span class='ocrx_word' id='word_1_7' title='bbox 269 503 408 558; x_wconf 87' lang='lat' dir='ltr'>sonis</span> <span class='ocrx_word' id='word_1_8' title='bbox 434 513 526 559; x_wconf 87' lang='lat' dir='ltr'>aut</span> <span class='ocrx_word' id='word_1_9' title='bbox 551 503 825 558; x_wconf 86' lang='lat' dir='ltr'>communi</span> <span class='ocrx_word' id='word_1_10' title='bbox 851 504 1079 558; x_wconf 64' lang='lat' dir='ltr'>tractatu</span> <span class='ocrx_word' id='word_1_11' title='bbox 1113 503 1356 558; x_wconf 88' lang='lat' dir='ltr'>locorum</span> <span class='ocrx_word' id='word_1_12' title='bbox 1379 502 1706 557; x_wconf 81' lang='lat' dir='ltr'>occasionem</span> <span class='ocrx_word' id='word_1_13' title='bbox 1732 500 1996 556; x_wconf 83' lang='lat' dir='ltr'>clamandi</span> 
     </span>
     <span class='ocr_line' id='line_1_3' title="bbox 269 574 1992 647; baseline -0.002 -17"><span class='ocrx_word' id='word_1_14' title='bbox 269 575 598 647; x_wconf 80' lang='lat' dir='ltr'>largiantur3</span> <span class='ocrx_word' id='word_1_15' title='bbox 639 575 845 647; x_wconf 84' lang='lat' dir='ltr'>aliquos</span> <span class='ocrx_word' id='word_1_16' title='bbox 869 587 925 628; x_wconf 87' lang='lat' dir='ltr'>et</span> <span class='ocrx_word' id='word_1_17' title='bbox 947 575 1171 629; x_wconf 86' lang='lat' dir='ltr'>ambitio</span> <span class='ocrx_word' id='word_1_18' title='bbox 1202 574 1470 646; x_wconf 84' lang='lat' dir='ltr'>pervertit,</span> <span class='ocrx_word' id='word_1_19' title='bbox 1496 574 1588 646; x_wconf 88' lang='lat' dir='ltr'>qui</span> <span class='ocrx_word' id='word_1_20' title='bbox 1625 574 1815 645; x_wconf 85' lang='lat' dir='ltr'>partim</span> <span class='ocrx_word' id='word_1_21' title='bbox 1849 584 1992 627; x_wconf 85' lang='lat' dir='ltr'>tam·</span> 
     </span>
     <span class='ocr_line' id='line_1_4' title="bbox 209 644 1997 717; baseline -0.001 -18"><span class='ocrx_word' id='word_1_22' title='bbox 209 661 214 666; x_wconf 84' lang='lat'>·</span> <span class='ocrx_word' id='word_1_23' title='bbox 268 665 430 717; x_wconf 91' lang='lat' dir='ltr'>quam</span> <span class='ocrx_word' id='word_1_24' title='bbox 473 646 739 717; x_wconf 84' lang='lat' dir='ltr'>occupati,</span> <span class='ocrx_word' id='word_1_25' title='bbox 781 645 1085 717; x_wconf 86' lang='lat' dir='ltr'>semperque</span> <span class='ocrx_word' id='word_1_26' title='bbox 1125 645 1311 698; x_wconf 80' lang='lat' dir='ltr'>aliudb</span> <span class='ocrx_word' id='word_1_27' title='bbox 1355 644 1634 710; x_wconf 81' lang='lat' dir='ltr'>habenteS,</span> <span class='ocrx_word' id='word_1_28' title='bbox 1677 644 1824 717; x_wconf 89' lang='lat' dir='ltr'>quod</span> <span class='ocrx_word' id='word_1_29' title='bbox 1865 655 1997 698; x_wconf 76' lang='lat' dir='ltr'>anto</span> 
     </span>
     <span class='ocr_line' id='line_1_5' title="bbox 266 714 1994 788; baseline -0.001 -19"><span class='ocrx_word' id='word_1_30' title='bbox 266 717 540 788; x_wconf 85' lang='lat' dir='ltr'>agendum</span> <span class='ocrx_word' id='word_1_31' title='bbox 577 718 654 781; x_wconf 85' lang='lat' dir='ltr'>fit,</span> <span class='ocrx_word' id='word_1_32' title='bbox 679 715 847 788; x_wconf 86' lang='lat' dir='ltr'>pridie</span> <span class='ocrx_word' id='word_1_33' title='bbox 883 717 951 770; x_wconf 93' lang='lat' dir='ltr'>ad</span> <span class='ocrx_word' id='word_1_34' title='bbox 986 718 1037 769; x_wconf 91' lang='lat' dir='ltr'>se</span> <span class='ocrx_word' id='word_1_35' title='bbox 1073 717 1254 769; x_wconf 89' lang='lat' dir='ltr'>venire</span> <span class='ocrx_word' id='word_1_36' title='bbox 1286 714 1635 788; x_wconf 83' lang='lat' dir='ltr'>litigatorem,</span> <span class='ocrx_word' id='word_1_37' title='bbox 1671 726 1767 768; x_wconf 89' lang='lat' dir='ltr'>aut</span> <span class='ocrx_word' id='word_1_38' title='bbox 1801 715 1994 769; x_wconf 88' lang='lat' dir='ltr'>eodem</span> 
     </span>
     <span class='ocr_line' id='line_1_6' title="bbox 267 784 1996 859; baseline 0.001 -20"><span class='ocrx_word' id='word_1_39' title='bbox 267 786 534 841; x_wconf 88' lang='lat' dir='ltr'>matutino</span> <span class='ocrx_word' id='word_1_40' title='bbox 570 787 791 840; x_wconf 74' lang='lat' dir='ltr'>’ubentt</span> <span class='ocrx_word' id='word_1_41' title='bbox 832 805 1235 859; x_wconf 86' lang='lat' dir='ltr'><strong>nonnumquam</strong></span> <span class='ocrx_word' id='word_1_42' title='bbox 1272 785 1431 839; x_wconf 84' lang='lat' dir='ltr'>etiam</span> <span class='ocrx_word' id='word_1_43' title='bbox 1457 786 1595 839; x_wconf 90' lang='lat' dir='ltr'>inter</span> <span class='ocrx_word' id='word_1_44' title='bbox 1617 785 1724 857; x_wconf 91' lang='lat' dir='ltr'>ipsa</span> <span class='ocrx_word' id='word_1_45' title='bbox 1751 784 1996 840; x_wconf 76' lang='lat' dir='ltr'>subsellia</span> 
     </span>
     <span class='ocr_line' id='line_1_7' title="bbox 208 856 1996 930; baseline 0 -20"><span class='ocrx_word' id='word_1_46' title='bbox 208 873 243 929; x_wconf 81' lang='lat'><em>3</em></span> <span class='ocrx_word' id='word_1_47' title='bbox 268 857 502 912; x_wconf 86' lang='lat' dir='ltr'>didiciffe</span> <span class='ocrx_word' id='word_1_48' title='bbox 563 878 594 912; x_wconf 86' lang='lat' dir='ltr'>e</span> <span class='ocrx_word' id='word_1_49' title='bbox 674 857 964 911; x_wconf 76' lang='lat' dir='ltr'>lorianturt</span> <span class='ocrx_word' id='word_1_50' title='bbox 1021 857 1213 930; x_wconf 91' lang='lat' dir='ltr'>partim</span> <span class='ocrx_word' id='word_1_51' title='bbox 1245 856 1506 930; x_wconf 59' lang='lat' dir='ltr'>jactantia</span> <span class='ocrx_word' id='word_1_52' title='bbox 1539 857 1594 909; x_wconf 88' lang='lat' dir='ltr'>in</span> <span class='ocrx_word' id='word_1_53' title='bbox 1669 856 1764 923; x_wconf 81' lang='lat' dir='ltr'>nii,</span> <span class='ocrx_word' id='word_1_54' title='bbox 1803 867 1868 910; x_wconf 90' lang='lat' dir='ltr'>ut</span> <span class='ocrx_word' id='word_1_55' title='bbox 1907 873 1996 910; x_wconf 74' lang='lat' dir='ltr'>res</span> 
     </span>
     <span class='ocr_line' id='line_1_8' title="bbox 267 875 1995 1009; baseline 0 -28"><span class='ocrx_word' id='word_1_56' title='bbox 267 928 378 982; x_wconf 92' lang='lat' dir='ltr'>cito</span> <span class='ocrx_word' id='word_1_57' title='bbox 425 928 604 1000; x_wconf 87' lang='lat' dir='ltr'>accepi</span> <span class='ocrx_word' id='word_1_58' title='bbox 644 948 674 982; x_wconf 91' lang='lat' dir='ltr'>e</span> <span class='ocrx_word' id='word_1_59' title='bbox 720 929 1017 994; x_wconf 89' lang='lat' dir='ltr'>videantur,</span> <span class='ocrx_word' id='word_1_60' title='bbox 1066 938 1246 982; x_wconf 90' lang='lat' dir='ltr'>tenere</span> <span class='ocrx_word' id='word_1_61' title='bbox 1295 929 1347 981; x_wconf 90' lang='lat' dir='ltr'>se</span> <span class='ocrx_word' id='word_1_62' title='bbox 1395 938 1451 982; x_wconf 92' lang='lat' dir='ltr'>et</span> <span class='ocrx_word' id='word_1_63' title='bbox 1498 875 1798 1009; x_wconf 54' lang='lat' dir='ltr'>inteffigere</span> <span class='ocrx_word' id='word_1_64' title='bbox 1843 927 1995 998; x_wconf 73' lang='lat' dir='ltr'>prius</span> 
     </span>
     <span class='ocr_line' id='line_1_9' title="bbox 265 997 1990 1072; baseline 0 -20"><span class='ocrx_word' id='word_1_65' title='bbox 265 1017 420 1069; x_wconf 87' lang='lat' dir='ltr'>pene,</span> <span class='ocrx_word' id='word_1_66' title='bbox 447 1019 609 1072; x_wconf 88' lang='lat' dir='ltr'>quam</span> <span class='ocrx_word' id='word_1_67' title='bbox 635 999 873 1065; x_wconf 89' lang='lat' dir='ltr'>audiant,</span> <span class='ocrx_word' id='word_1_68' title='bbox 898 999 1135 1064; x_wconf 87' lang='lat' dir='ltr'>mentiti,</span> <span class='ocrx_word' id='word_1_69' title='bbox 1161 1018 1283 1052; x_wconf 92' lang='lat' dir='ltr'>cum</span> <span class='ocrx_word' id='word_1_70' title='bbox 1322 997 1496 1052; x_wconf 90' lang='lat' dir='ltr'>multa</span> <span class='ocrx_word' id='word_1_71' title='bbox 1518 1009 1575 1051; x_wconf 89' lang='lat' dir='ltr'>et</span> <span class='ocrx_word' id='word_1_72' title='bbox 1609 998 1819 1064; x_wconf 77' lang='lat' dir='ltr'>dilette,</span> <span class='ocrx_word' id='word_1_73' title='bbox 1844 999 1990 1056; x_wconf 80' lang='lat' dir='ltr'>sum-</span> 
     </span>
     <span class='ocr_line' id='line_1_10' title="bbox 265 1068 1991 1143; baseline 0 -21"><span class='ocrx_word' id='word_1_74' title='bbox 265 1070 471 1142; x_wconf 88' lang='lat' dir='ltr'>misque</span> <span class='ocrx_word' id='word_1_75' title='bbox 495 1071 838 1136; x_wconf 87' lang='lat' dir='ltr'>clamoribus,</span> <span class='ocrx_word' id='word_1_76' title='bbox 859 1090 981 1142; x_wconf 85' lang='lat' dir='ltr'>quae</span> <span class='ocrx_word' id='word_1_77' title='bbox 1007 1088 1181 1143; x_wconf 90' lang='lat' dir='ltr'>neque</span> <span class='ocrx_word' id='word_1_78' title='bbox 1206 1070 1274 1123; x_wconf 89' lang='lat' dir='ltr'>ad</span> <span class='ocrx_word' id='word_1_79' title='bbox 1292 1069 1555 1141; x_wconf 88' lang='lat' dir='ltr'>judicem,</span> <span class='ocrx_word' id='word_1_80' title='bbox 1583 1088 1759 1141; x_wconf 89' lang='lat' dir='ltr'>neque</span> <span class='ocrx_word' id='word_1_81' title='bbox 1784 1069 1853 1123; x_wconf 88' lang='lat' dir='ltr'>ad</span> <span class='ocrx_word' id='word_1_82' title='bbox 1876 1068 1991 1122; x_wconf 90' lang='lat' dir='ltr'>liti-</span> 
     </span>
     <span class='ocr_line' id='line_1_11' title="bbox 265 1139 1990 1213; baseline 0 -19"><span class='ocrx_word' id='word_1_83' title='bbox 265 1151 508 1212; x_wconf 84' lang='lat' dir='ltr'>gatorem</span> <span class='ocrx_word' id='word_1_84' title='bbox 544 1142 844 1213; x_wconf 89' lang='lat' dir='ltr'>pertineant</span> <span class='ocrx_word' id='word_1_85' title='bbox 863 1154 903 1208; x_wconf 72' lang='lat'>0,</span> <span class='ocrx_word' id='word_1_86' title='bbox 927 1141 1362 1206; x_wconf 85' lang='lat' dir='ltr'>decantaverunt,</span> <span class='ocrx_word' id='word_1_87' title='bbox 1389 1141 1528 1194; x_wconf 89' lang='lat' dir='ltr'>bene</span> <span class='ocrx_word' id='word_1_88' title='bbox 1554 1139 1799 1194; x_wconf 87' lang='lat' dir='ltr'>sudantes</span> <span class='ocrx_word' id='word_1_89' title='bbox 1822 1141 1990 1195; x_wconf 88' lang='lat' dir='ltr'>bene·</span> 
     </span>
     <span class='ocr_line' id='line_1_12' title="bbox 210 1210 1991 1284; baseline 0.001 -20"><span class='ocrx_word' id='word_1_90' title='bbox 210 1228 246 1279; x_wconf 85' lang='lat'>4</span> <span class='ocrx_word' id='word_1_91' title='bbox 267 1230 372 1282; x_wconf 91' lang='lat' dir='ltr'>que</span> <span class='ocrx_word' id='word_1_92' title='bbox 409 1211 648 1265; x_wconf 86' lang='lat' dir='ltr'>comitati</span> <span class='ocrx_word' id='word_1_93' title='bbox 686 1229 780 1283; x_wconf 89' lang='lat' dir='ltr'>per</span> <span class='ocrx_word' id='word_1_94' title='bbox 814 1211 989 1265; x_wconf 90' lang='lat' dir='ltr'>forum</span> <span class='ocrx_word' id='word_1_95' title='bbox 1025 1211 1412 1266; x_wconf 65' lang='lat' dir='ltr'>reducunturd.</span> <span class='ocrx_word' id='word_1_96' title='bbox 1485 1211 1573 1265; x_wconf 90' lang='lat' dir='ltr'>Ne</span> <span class='ocrx_word' id='word_1_97' title='bbox 1607 1210 1727 1266; x_wconf 89' lang='lat' dir='ltr'>illas</span> <span class='ocrx_word' id='word_1_98' title='bbox 1767 1211 1991 1284; x_wconf 84' lang='lat' dir='ltr'>quidem</span> 
     </span>
     <span class='ocr_line' id='line_1_13' title="bbox 267 1281 1989 1354; baseline 0 -18"><span class='ocrx_word' id='word_1_99' title='bbox 267 1283 484 1336; x_wconf 87' lang='lat' dir='ltr'>tulerim</span> <span class='ocrx_word' id='word_1_100' title='bbox 522 1283 741 1336; x_wconf 85' lang='lat' dir='ltr'>delicias</span> <span class='ocrx_word' id='word_1_101' title='bbox 784 1301 988 1348; x_wconf 89' lang='lat' dir='ltr'>eorum,</span> <span class='ocrx_word' id='word_1_102' title='bbox 1017 1283 1111 1354; x_wconf 88' lang='lat' dir='ltr'>qui</span> <span class='ocrx_word' id='word_1_103' title='bbox 1153 1282 1334 1336; x_wconf 91' lang='lat' dir='ltr'>doceri</span> <span class='ocrx_word' id='word_1_104' title='bbox 1370 1281 1574 1336; x_wconf 88' lang='lat' dir='ltr'>amicos</span> <span class='ocrx_word' id='word_1_105' title='bbox 1608 1282 1728 1336; x_wconf 90' lang='lat' dir='ltr'>suos</span> <span class='ocrx_word' id='word_1_106' title='bbox 1756 1282 1952 1354; x_wconf 87' lang='lat' dir='ltr'>jubent</span> <span class='ocrx_word' id='word_1_107' title='bbox 1972 1303 1989 1336; x_wconf 72' lang='grc' dir='ltr'><em>ε</em></span> 
     </span>
     <span class='ocr_line' id='line_1_14' title="bbox 266 1353 1989 1427; baseline -0.001 -20"><span class='ocrx_word' id='word_1_108' title='bbox 266 1372 592 1427; x_wconf 86' lang='lat' dir='ltr'>quamquam</span> <span class='ocrx_word' id='word_1_109' title='bbox 633 1354 814 1407; x_wconf 90' lang='lat' dir='ltr'>minus</span> <span class='ocrx_word' id='word_1_110' title='bbox 851 1354 979 1407; x_wconf 88' lang='lat' dir='ltr'>mali</span> <span class='ocrx_word' id='word_1_111' title='bbox 1020 1355 1110 1419; x_wconf 78' lang='lat' dir='ltr'>est,</span> <span class='ocrx_word' id='word_1_112' title='bbox 1156 1354 1190 1406; x_wconf 89' lang='lat' dir='ltr'>fi</span> <span class='ocrx_word' id='word_1_113' title='bbox 1231 1353 1308 1406; x_wconf 90' lang='lat' dir='ltr'>illi</span> <span class='ocrx_word' id='word_1_114' title='bbox 1350 1353 1535 1407; x_wconf 89' lang='lat' dir='ltr'>saltem</span> <span class='ocrx_word' id='word_1_115' title='bbox 1577 1354 1721 1408; x_wconf 65' lang='lat' dir='ltr'>reste</span> <span class='ocrx_word' id='word_1_116' title='bbox 1763 1353 1989 1420; x_wconf 83' lang='lat' dir='ltr'>discant,</span> 
     </span>
     <span class='ocr_line' id='line_1_15' title="bbox 263 1423 1991 1498; baseline 0.001 -21"><span class='ocrx_word' id='word_1_117' title='bbox 263 1424 512 1497; x_wconf 64' lang='lat' dir='ltr'>recteque</span> <span class='ocrx_word' id='word_1_118' title='bbox 550 1425 795 1478; x_wconf 87' lang='lat' dir='ltr'>doceant.</span> <span class='ocrx_word' id='word_1_119' title='bbox 870 1423 978 1479; x_wconf 89' lang='lat' dir='ltr'>Sed</span> <span class='ocrx_word' id='word_1_120' title='bbox 1013 1425 1134 1498; x_wconf 86' lang='lat' dir='ltr'>quis</span> <span class='ocrx_word' id='word_1_121' title='bbox 1170 1425 1335 1478; x_wconf 89' lang='lat' dir='ltr'>discet</span> <span class='ocrx_word' id='word_1_122' title='bbox 1370 1436 1481 1477; x_wconf 88' lang='lat' dir='ltr'>tam</span> <span class='ocrx_word' id='word_1_123' title='bbox 1514 1425 1674 1491; x_wconf 90' lang='lat' dir='ltr'>bene,</span> <span class='ocrx_word' id='word_1_124' title='bbox 1698 1442 1860 1496; x_wconf 88' lang='lat' dir='ltr'>quam</span> <span class='ocrx_word' id='word_1_125' title='bbox 1892 1442 1991 1497; x_wconf 85' lang='lat' dir='ltr'>pa·</span> 
     </span>
     <span class='ocr_line' id='line_1_16' title="bbox 263 1495 1992 1568; baseline 0.001 -20"><span class='ocrx_word' id='word_1_126' title='bbox 263 1498 493 1549; x_wconf 88' lang='lat' dir='ltr'>tronus?</span> <span class='ocrx_word' id='word_1_127' title='bbox 548 1496 841 1550; x_wconf 76' lang='lat' dir='ltr'>Quomodo</span> <span class='ocrx_word' id='word_1_128' title='bbox 875 1506 1055 1550; x_wconf 89' lang='lat' dir='ltr'>autem</span> <span class='ocrx_word' id='word_1_129' title='bbox 1088 1496 1346 1568; x_wconf 86' lang='lat' dir='ltr'>sequester</span> <span class='ocrx_word' id='word_1_130' title='bbox 1379 1495 1473 1548; x_wconf 89' lang='lat' dir='ltr'>ille</span> <span class='ocrx_word' id='word_1_131' title='bbox 1507 1507 1566 1549; x_wconf 89' lang='lat' dir='ltr'>et</span> <span class='ocrx_word' id='word_1_132' title='bbox 1599 1495 1779 1549; x_wconf 87' lang='lat' dir='ltr'>media</span> <span class='ocrx_word' id='word_1_133' title='bbox 1810 1495 1992 1550; x_wconf 89' lang='lat' dir='ltr'>litium</span> 
     </span>
     <span class='ocr_line' id='line_1_17' title="bbox 263 1566 1990 1639; baseline -0.001 -21"><span class='ocrx_word' id='word_1_134' title='bbox 263 1585 475 1632; x_wconf 82' lang='lat' dir='ltr'>manuS,</span> <span class='ocrx_word' id='word_1_135' title='bbox 501 1578 558 1620; x_wconf 90' lang='lat' dir='ltr'>et</span> <span class='ocrx_word' id='word_1_136' title='bbox 581 1567 796 1639; x_wconf 87' lang='lat' dir='ltr'>quidam</span> <span class='ocrx_word' id='word_1_137' title='bbox 837 1567 1112 1639; x_wconf 78' lang='lat' dir='ltr'>interpreS,</span> <span class='ocrx_word' id='word_1_138' title='bbox 1138 1567 1211 1619; x_wconf 91' lang='lat' dir='ltr'>im</span> <span class='ocrx_word' id='word_1_139' title='bbox 1253 1566 1413 1620; x_wconf 88' lang='lat' dir='ltr'>endet</span> <span class='ocrx_word' id='word_1_140' title='bbox 1438 1585 1595 1639; x_wconf 89' lang='lat' dir='ltr'>aequo</span> <span class='ocrx_word' id='word_1_141' title='bbox 1630 1567 1811 1620; x_wconf 90' lang='lat' dir='ltr'>animo</span> <span class='ocrx_word' id='word_1_142' title='bbox 1832 1566 1990 1620; x_wconf 65' lang='lat' dir='ltr'>labo-</span> 
     </span>
     <span class='ocr_line' id='line_1_18' title="bbox 206 1637 1989 1710; baseline 0.001 -21"><span class='ocrx_word' id='word_1_143' title='bbox 206 1650 241 1709; x_wconf 81' lang='lat'><strong>5</strong></span> <span class='ocrx_word' id='word_1_144' title='bbox 265 1655 377 1690; x_wconf 85' lang='lat' dir='ltr'>rem</span> <span class='ocrx_word' id='word_1_145' title='bbox 402 1637 454 1703; x_wconf 89' lang='lat' dir='ltr'>in</span> <span class='ocrx_word' id='word_1_146' title='bbox 481 1637 681 1692; x_wconf 89' lang='lat' dir='ltr'>alienas</span> <span class='ocrx_word' id='word_1_147' title='bbox 706 1638 958 1704; x_wconf 66' lang='lat' dir='ltr'>actioneS,</span> <span class='ocrx_word' id='word_1_148' title='bbox 987 1657 1110 1691; x_wconf 89' lang='lat' dir='ltr'>cum</span> <span class='ocrx_word' id='word_1_149' title='bbox 1139 1638 1191 1689; x_wconf 90' lang='lat' dir='ltr'>di</span> <span class='ocrx_word' id='word_1_150' title='bbox 1252 1656 1379 1691; x_wconf 88' lang='lat' dir='ltr'>urus</span> <span class='ocrx_word' id='word_1_151' title='bbox 1414 1638 1520 1710; x_wconf 89' lang='lat' dir='ltr'>ipse</span> <span class='ocrx_word' id='word_1_152' title='bbox 1538 1649 1558 1671; x_wconf 57' lang='grc' dir='ltr'>θ</span> <span class='ocrx_word' id='word_1_153' title='bbox 1595 1655 1701 1691; x_wconf 90' lang='lat' dir='ltr'>non</span> <span class='ocrx_word' id='word_1_154' title='bbox 1725 1638 1823 1691; x_wconf 84' lang='lat' dir='ltr'>fit?</span> <span class='ocrx_word' id='word_1_155' title='bbox 1866 1637 1989 1691; x_wconf 88' lang='lat' dir='ltr'>Pes-</span> 
     </span>
     <span class='ocr_line' id='line_1_19' title="bbox 263 1694 1993 1782; baseline 0.002 -22"><span class='ocrx_word' id='word_1_156' title='bbox 263 1708 404 1761; x_wconf 84' lang='lat' dir='ltr'>fimae</span> <span class='ocrx_word' id='word_1_157' title='bbox 452 1694 599 1763; x_wconf 45' lang='lat' dir='ltr'>vero*⁴</span> <span class='ocrx_word' id='word_1_158' title='bbox 626 1708 1036 1775; x_wconf 76' lang='lat' dir='ltr'>consuetudiniS,</span> <span class='ocrx_word' id='word_1_159' title='bbox 1082 1708 1276 1762; x_wconf 88' lang='lat' dir='ltr'>libellis</span> <span class='ocrx_word' id='word_1_160' title='bbox 1323 1709 1424 1762; x_wconf 84' lang='lat' dir='ltr'>effe</span> <span class='ocrx_word' id='word_1_161' title='bbox 1471 1718 1805 1776; x_wconf 84' lang='lat' dir='ltr'>contentum,</span> <span class='ocrx_word' id='word_1_162' title='bbox 1853 1727 1993 1782; x_wconf 73' lang='lat' dir='ltr'>quos</span> 
     </span>
     <span class='ocr_line' id='line_1_20' title="bbox 262 1779 1994 1853; baseline 0.001 -21"><span class='ocrx_word' id='word_1_163' title='bbox 262 1781 538 1850; x_wconf 87' lang='lat' dir='ltr'>componit</span> <span class='ocrx_word' id='word_1_164' title='bbox 578 1791 671 1833; x_wconf 87' lang='lat' dir='ltr'>aut</span> <span class='ocrx_word' id='word_1_165' title='bbox 710 1779 970 1846; x_wconf 70' lang='lat' dir='ltr'>litioator,</span> <span class='ocrx_word' id='word_1_166' title='bbox 1001 1779 1094 1852; x_wconf 93' lang='lat' dir='ltr'>qui</span> <span class='ocrx_word' id='word_1_167' title='bbox 1139 1779 1388 1852; x_wconf 85' lang='lat' dir='ltr'>confugit</span> <span class='ocrx_word' id='word_1_168' title='bbox 1430 1779 1498 1833; x_wconf 87' lang='lat' dir='ltr'>ad</span> <span class='ocrx_word' id='word_1_169' title='bbox 1533 1789 1834 1852; x_wconf 90' lang='lat' dir='ltr'>patronum,</span> <span class='ocrx_word' id='word_1_170' title='bbox 1863 1779 1994 1853; x_wconf 80' lang='lat' dir='ltr'>quia</span> 
     </span>
     <span class='ocr_line' id='line_1_21' title="bbox 260 1827 1990 1923; baseline 0.001 -21"><span class='ocrx_word' id='word_1_171' title='bbox 260 1849 347 1903; x_wconf 86' lang='lat' dir='ltr'>liti</span> <span class='ocrx_word' id='word_1_172' title='bbox 382 1851 488 1921; x_wconf 90' lang='lat' dir='ltr'>ipse</span> <span class='ocrx_word' id='word_1_173' title='bbox 525 1871 634 1904; x_wconf 88' lang='lat' dir='ltr'>non</span> <span class='ocrx_word' id='word_1_174' title='bbox 669 1827 890 1917; x_wconf 65' lang='lat' dir='ltr'>suffi3t3</span> <span class='ocrx_word' id='word_1_175' title='bbox 929 1862 1021 1904; x_wconf 88' lang='lat' dir='ltr'>aut</span> <span class='ocrx_word' id='word_1_176' title='bbox 1048 1850 1239 1923; x_wconf 87' lang='lat' dir='ltr'>aliquis</span> <span class='ocrx_word' id='word_1_177' title='bbox 1267 1869 1434 1904; x_wconf 83' lang='lat' dir='ltr'>exeo</span> <span class='ocrx_word' id='word_1_178' title='bbox 1469 1869 1666 1923; x_wconf 89' lang='lat' dir='ltr'>genere</span> <span class='ocrx_word' id='word_1_179' title='bbox 1700 1850 1990 1904; x_wconf 87' lang='lat' dir='ltr'>advocato-</span> 
     </span>
     <span class='ocr_line' id='line_1_22' title="bbox 261 1921 1990 1994; baseline 0.002 -20"><span class='ocrx_word' id='word_1_180' title='bbox 261 1938 402 1987; x_wconf 83' lang='lat' dir='ltr'>rum,</span> <span class='ocrx_word' id='word_1_181' title='bbox 429 1922 522 1993; x_wconf 86' lang='lat' dir='ltr'>qui</span> <span class='ocrx_word' id='word_1_182' title='bbox 558 1922 611 1976; x_wconf 90' lang='lat' dir='ltr'>se</span> <span class='ocrx_word' id='word_1_183' title='bbox 650 1941 758 1975; x_wconf 89' lang='lat' dir='ltr'>non</span> <span class='ocrx_word' id='word_1_184' title='bbox 799 1921 938 1994; x_wconf 80' lang='lat' dir='ltr'>posse</span> <span class='ocrx_word' id='word_1_185' title='bbox 974 1941 1135 1993; x_wconf 82' lang='lat' dir='ltr'>agere</span> <span class='ocrx_word' id='word_1_186' title='bbox 1172 1921 1515 1986; x_wconf 84' lang='lat' dir='ltr'>confitentur,</span> <span class='ocrx_word' id='word_1_187' title='bbox 1549 1921 1744 1975; x_wconf 89' lang='lat' dir='ltr'>deinde</span> <span class='ocrx_word' id='word_1_188' title='bbox 1782 1921 1990 1978; x_wconf 71' lang='lat' dir='ltr'>faciunt</span> 
     </span>
     <span class='ocr_line' id='line_1_23' title="bbox 260 1991 1987 2065; baseline 0.002 -21"><span class='ocrx_word' id='word_1_189' title='bbox 260 1991 340 2056; x_wconf 88' lang='lat' dir='ltr'>id,</span> <span class='ocrx_word' id='word_1_190' title='bbox 366 1993 515 2065; x_wconf 89' lang='lat' dir='ltr'>quod</span> <span class='ocrx_word' id='word_1_191' title='bbox 538 1994 608 2046; x_wconf 90' lang='lat' dir='ltr'>est</span> <span class='ocrx_word' id='word_1_192' title='bbox 631 1993 686 2046; x_wconf 90' lang='lat' dir='ltr'>in</span> <span class='ocrx_word' id='word_1_193' title='bbox 712 1992 924 2065; x_wconf 85' lang='lat' dir='ltr'>agendo</span> <span class='ocrx_word' id='word_1_194' title='bbox 951 1992 1348 2046; x_wconf 83' lang='lat' dir='ltr'>difficillimum.</span> <span class='ocrx_word' id='word_1_195' title='bbox 1420 1993 1564 2046; x_wconf 89' lang='lat' dir='ltr'>Nam</span> <span class='ocrx_word' id='word_1_196' title='bbox 1600 1993 1694 2064; x_wconf 88' lang='lat' dir='ltr'>qui</span> <span class='ocrx_word' id='word_1_197' title='bbox 1721 1992 1987 2064; x_wconf 84' lang='lat' dir='ltr'>judicare,</span> 
     </span>
     <span class='ocr_line' id='line_1_24' title="bbox 259 2063 1989 2136; baseline 0.001 -22"><span class='ocrx_word' id='word_1_198' title='bbox 259 2064 389 2133; x_wconf 88' lang='lat' dir='ltr'>quid</span> <span class='ocrx_word' id='word_1_199' title='bbox 427 2065 702 2130; x_wconf 79' lang='lat' dir='ltr'>dicendum,</span> <span class='ocrx_word' id='word_1_200' title='bbox 729 2063 861 2136; x_wconf 84' lang='lat' dir='ltr'>quid</span> <span class='ocrx_word' id='word_1_201' title='bbox 885 2063 1306 2133; x_wconf 65' lang='lat' dir='ltr'>dg‘ffi&#39;mulandum‚</span> <span class='ocrx_word' id='word_1_202' title='bbox 1329 2063 1462 2136; x_wconf 81' lang='lat' dir='ltr'>quid</span> <span class='ocrx_word' id='word_1_203' title='bbox 1484 2063 1852 2129; x_wconf 80' lang='lat' dir='ltr'>declinandum,</span> <span class='ocrx_word' id='word_1_204' title='bbox 1876 2084 1989 2116; x_wconf 86' lang='lat' dir='ltr'>mu-</span> 
     </span>
     <span class='ocr_line' id='line_1_25' title="bbox 260 2135 1988 2206; baseline 0.001 -20"><span class='ocrx_word' id='word_1_205' title='bbox 260 2136 553 2201; x_wconf 81' lang='lat' dir='ltr'>tandumve,</span> <span class='ocrx_word' id='word_1_206' title='bbox 573 2135 881 2206; x_wconf 84' lang='lat' dir='ltr'>fingendum</span> <span class='ocrx_word' id='word_1_207' title='bbox 905 2136 1067 2188; x_wconf 88' lang='lat' dir='ltr'>etiam</span> <span class='ocrx_word' id='word_1_208' title='bbox 1094 2135 1154 2188; x_wconf 85' lang='lat' dir='ltr'>fit</span> <span class='ocrx_word' id='word_1_209' title='bbox 1172 2135 1209 2199; x_wconf 75' lang='lat' dir='ltr'>f,</span> <span class='ocrx_word' id='word_1_210' title='bbox 1236 2135 1424 2206; x_wconf 86' lang='lat' dir='ltr'>potest,</span> <span class='ocrx_word' id='word_1_211' title='bbox 1452 2152 1548 2188; x_wconf 88' lang='lat' dir='ltr'>eur</span> <span class='ocrx_word' id='word_1_212' title='bbox 1572 2152 1680 2189; x_wconf 89' lang='lat' dir='ltr'>non</span> <span class='ocrx_word' id='word_1_213' title='bbox 1708 2136 1769 2188; x_wconf 86' lang='lat' dir='ltr'>fit</span> <span class='ocrx_word' id='word_1_214' title='bbox 1792 2146 1988 2200; x_wconf 81' lang='lat' dir='ltr'>orator,</span> 
     </span>
     <span class='ocr_line' id='line_1_26' title="bbox 259 2204 1988 2279; baseline 0.002 -21"><span class='ocrx_word' id='word_1_215' title='bbox 259 2206 493 2276; x_wconf 86' lang='lat' dir='ltr'>quando,</span> <span class='ocrx_word' id='word_1_216' title='bbox 521 2206 668 2279; x_wconf 88' lang='lat' dir='ltr'>quod</span> <span class='ocrx_word' id='word_1_217' title='bbox 692 2205 959 2260; x_wconf 86' lang='lat' dir='ltr'>difficilius</span> <span class='ocrx_word' id='word_1_218' title='bbox 993 2205 1082 2271; x_wconf 86' lang='lat' dir='ltr'>est,</span> <span class='ocrx_word' id='word_1_219' title='bbox 1108 2204 1278 2259; x_wconf 85' lang='lat' dir='ltr'>facit?</span> <span class='ocrx_word' id='word_1_220' title='bbox 1335 2205 1414 2259; x_wconf 90' lang='lat' dir='ltr'>Hi</span> <span class='ocrx_word' id='word_1_221' title='bbox 1519 2223 1604 2260; x_wconf 90' lang='lat' dir='ltr'>rro</span> <span class='ocrx_word' id='word_1_222' title='bbox 1636 2224 1742 2258; x_wconf 90' lang='lat' dir='ltr'>non</span> <span class='ocrx_word' id='word_1_223' title='bbox 1776 2216 1988 2261; x_wconf 86' lang='lat' dir='ltr'>tantum</span> 
     </span>
     <span class='ocr_line' id='line_1_27' title="bbox 203 2277 1988 2342; baseline -0.001 -11"><span class='ocrx_word' id='word_1_224' title='bbox 203 2281 240 2331; x_wconf 90' lang='lat'><strong>6</strong></span> <span class='ocrx_word' id='word_1_225' title='bbox 263 2289 532 2342; x_wconf 86' lang='lat' dir='ltr'>nocerent,</span> <span class='ocrx_word' id='word_1_226' title='bbox 559 2278 592 2330; x_wconf 84' lang='lat' dir='ltr'>fi</span> <span class='ocrx_word' id='word_1_227' title='bbox 617 2277 799 2330; x_wconf 88' lang='lat' dir='ltr'>omnia</span> <span class='ocrx_word' id='word_1_228' title='bbox 822 2277 1124 2342; x_wconf 87' lang='lat' dir='ltr'>scriberent,</span> <span class='ocrx_word' id='word_1_229' title='bbox 1150 2277 1231 2330; x_wconf 87' lang='lat' dir='ltr'>uti</span> <span class='ocrx_word' id='word_1_230' title='bbox 1304 2277 1408 2330; x_wconf 87' lang='lat' dir='ltr'>esta</span> <span class='ocrx_word' id='word_1_231' title='bbox 1457 2286 1575 2330; x_wconf 86' lang='lat' dir='ltr'>unt.</span> <span class='ocrx_word' id='word_1_232' title='bbox 1649 2278 1816 2330; x_wconf 89' lang='lat' dir='ltr'>Nune</span> <span class='ocrx_word' id='word_1_233' title='bbox 1851 2295 1988 2330; x_wconf 87' lang='lat' dir='ltr'>con-</span> 
     </span>
     <span class='ocr_line' id='line_1_28' title="bbox 260 2347 1988 2420; baseline 0.002 -21"><span class='ocrx_word' id='word_1_234' title='bbox 260 2347 432 2401; x_wconf 87' lang='lat' dir='ltr'>filium</span> <span class='ocrx_word' id='word_1_235' title='bbox 476 2359 531 2401; x_wconf 91' lang='lat' dir='ltr'>et</span> <span class='ocrx_word' id='word_1_236' title='bbox 575 2348 777 2401; x_wconf 87' lang='lat' dir='ltr'>colores</span> <span class='ocrx_word' id='word_1_237' title='bbox 818 2347 1095 2419; x_wconf 88' lang='lat' dir='ltr'>adjiciunt,</span> <span class='ocrx_word' id='word_1_238' title='bbox 1138 2358 1194 2400; x_wconf 88' lang='lat' dir='ltr'>et</span> <span class='ocrx_word' id='word_1_239' title='bbox 1237 2349 1415 2420; x_wconf 88' lang='lat' dir='ltr'>aiqua</span> <span class='ocrx_word' id='word_1_240' title='bbox 1453 2348 1631 2420; x_wconf 85' lang='lat' dir='ltr'>pejora</span> <span class='ocrx_word' id='word_1_241' title='bbox 1672 2347 1825 2414; x_wconf 88' lang='lat' dir='ltr'>veris,</span> <span class='ocrx_word' id='word_1_242' title='bbox 1861 2367 1988 2420; x_wconf 68' lang='lat' dir='ltr'>quaa</span> 
     </span>
     <span class='ocr_line' id='line_1_29' title="bbox 259 2417 1989 2491; baseline 0.002 -21"><span class='ocrx_word' id='word_1_243' title='bbox 259 2417 499 2491; x_wconf 84' lang='lat' dir='ltr'>plerique</span> <span class='ocrx_word' id='word_1_244' title='bbox 548 2437 672 2472; x_wconf 87' lang='lat' dir='ltr'>cum</span> <span class='ocrx_word' id='word_1_245' title='bbox 724 2430 1063 2491; x_wconf 88' lang='lat' dir='ltr'>acceperunt,</span> <span class='ocrx_word' id='word_1_246' title='bbox 1102 2418 1426 2472; x_wconf 82' lang='lat' dir='ltr'>immutareg</span> <span class='ocrx_word' id='word_1_247' title='bbox 1474 2420 1620 2472; x_wconf 89' lang='lat' dir='ltr'>nefas</span> <span class='ocrx_word' id='word_1_248' title='bbox 1668 2419 1889 2486; x_wconf 89' lang='lat' dir='ltr'>habent,</span> <span class='ocrx_word' id='word_1_249' title='bbox 1930 2430 1989 2474; x_wconf 83' lang='lat' dir='ltr'>et</span> 
     </span>
     <span class='ocr_line' id='line_1_30' title="bbox 259 2489 1987 2561; baseline -0.001 -18"><span class='ocrx_word' id='word_1_250' title='bbox 259 2489 408 2543; x_wconf 87' lang='lat' dir='ltr'>velut</span> <span class='ocrx_word' id='word_1_251' title='bbox 444 2489 683 2543; x_wconf 90' lang='lat' dir='ltr'>themata</span> <span class='ocrx_word' id='word_1_252' title='bbox 718 2489 774 2542; x_wconf 89' lang='lat' dir='ltr'>in</span> <span class='ocrx_word' id='word_1_253' title='bbox 812 2489 1005 2543; x_wconf 87' lang='lat' dir='ltr'>scholis</span> <span class='ocrx_word' id='word_1_254' title='bbox 1044 2490 1209 2561; x_wconf 79' lang='lat' dir='ltr'>posita</span> <span class='ocrx_word' id='word_1_255' title='bbox 1245 2489 1564 2543; x_wconf 90' lang='lat' dir='ltr'>custodiunt.</span> <span class='ocrx_word' id='word_1_256' title='bbox 1635 2489 1849 2544; x_wconf 89' lang='lat' dir='ltr'>Deinde</span> <span class='ocrx_word' id='word_1_257' title='bbox 1892 2489 1987 2544; x_wconf 81' lang='lat' dir='ltr'>de..</span> 
     </span>
     <span class='ocr_line' id='line_1_31' title="bbox 259 2559 1989 2634; baseline 0.002 -22"><span class='ocrx_word' id='word_1_258' title='bbox 259 2559 677 2629; x_wconf 88' lang='lat' dir='ltr'>prehenduntur,</span> <span class='ocrx_word' id='word_1_259' title='bbox 705 2572 760 2614; x_wconf 89' lang='lat' dir='ltr'>et</span> <span class='ocrx_word' id='word_1_260' title='bbox 783 2561 1028 2626; x_wconf 77' lang='lat' dir='ltr'>caussam,</span> <span class='ocrx_word' id='word_1_261' title='bbox 1054 2579 1216 2634; x_wconf 88' lang='lat' dir='ltr'>quam</span> <span class='ocrx_word' id='word_1_262' title='bbox 1251 2560 1448 2614; x_wconf 90' lang='lat' dir='ltr'>discere</span> <span class='ocrx_word' id='word_1_263' title='bbox 1483 2579 1550 2614; x_wconf 81' lang='lat' dir='ltr'>ex</span> <span class='ocrx_word' id='word_1_264' title='bbox 1572 2559 1676 2614; x_wconf 89' lang='lat' dir='ltr'>suis</span> <span class='ocrx_word' id='word_1_265' title='bbox 1698 2560 1989 2633; x_wconf 85' lang='lat' dir='ltr'>litigatori·</span> 
     </span>
     <span class='ocr_line' id='line_1_32' title="bbox 207 2630 1987 2706; baseline 0.002 -22"><span class='ocrx_word' id='word_1_266' title='bbox 207 2645 236 2700; x_wconf 91' lang='lat'><strong><em>7</em></strong></span> <span class='ocrx_word' id='word_1_267' title='bbox 262 2632 361 2684; x_wconf 90' lang='lat' dir='ltr'>bus</span> <span class='ocrx_word' id='word_1_268' title='bbox 405 2631 711 2695; x_wconf 90' lang='lat' dir='ltr'>noluerunt,</span> <span class='ocrx_word' id='word_1_269' title='bbox 755 2650 822 2684; x_wconf 87' lang='lat' dir='ltr'>ex</span> <span class='ocrx_word' id='word_1_270' title='bbox 867 2631 1167 2685; x_wconf 87' lang='lat' dir='ltr'>adversariis</span> <span class='ocrx_word' id='word_1_271' title='bbox 1215 2630 1444 2686; x_wconf 88' lang='lat' dir='ltr'>discunt.</span> <span class='ocrx_word' id='word_1_272' title='bbox 1515 2631 1768 2685; x_wconf 76' lang='lat' dir='ltr'>Liberum</span> <span class='ocrx_word' id='word_1_273' title='bbox 1816 2631 1987 2706; x_wconf 82' lang='lat' dir='ltr'>igitur</span> 
     </span>
     <span class='ocr_line' id='line_1_33' title="bbox 262 2700 1985 2776; baseline 0.003 -24"><span class='ocrx_word' id='word_1_274' title='bbox 262 2700 451 2756; x_wconf 86' lang='lat' dir='ltr'>demus</span> <span class='ocrx_word' id='word_1_275' title='bbox 488 2713 610 2756; x_wconf 89' lang='lat' dir='ltr'>ante</span> <span class='ocrx_word' id='word_1_276' title='bbox 647 2704 827 2755; x_wconf 89' lang='lat' dir='ltr'>omnia</span> <span class='ocrx_word' id='word_1_277' title='bbox 857 2702 942 2767; x_wconf 87' lang='lat' dir='ltr'>iis,</span> <span class='ocrx_word' id='word_1_278' title='bbox 973 2721 1202 2776; x_wconf 88' lang='lat' dir='ltr'>quorum</span> <span class='ocrx_word' id='word_1_279' title='bbox 1239 2701 1521 2774; x_wconf 87' lang='lat' dir='ltr'>negotium</span> <span class='ocrx_word' id='word_1_280' title='bbox 1553 2702 1674 2767; x_wconf 88' lang='lat' dir='ltr'>erit,</span> <span class='ocrx_word' id='word_1_281' title='bbox 1701 2712 1883 2776; x_wconf 76' lang='lat' dir='ltr'>tempus</span> <span class='ocrx_word' id='word_1_282' title='bbox 1920 2721 1985 2758; x_wconf 81' lang='lat' dir='ltr'>ae</span> 
     </span>
     <span class='ocr_line' id='line_1_34' title="bbox 259 2771 1983 2846; baseline 0.002 -22"><span class='ocrx_word' id='word_1_283' title='bbox 259 2771 414 2826; x_wconf 88' lang='lat' dir='ltr'>locum</span> <span class='ocrx_word' id='word_1_284' title='bbox 433 2795 450 2827; x_wconf 93' lang='grc'>.·</span> <span class='ocrx_word' id='word_1_285' title='bbox 503 2773 951 2845; x_wconf 83' lang='lat' dir='ltr'>exhortemurque</span> <span class='ocrx_word' id='word_1_286' title='bbox 990 2774 1151 2838; x_wconf 89' lang='lat' dir='ltr'>ultr0,</span> <span class='ocrx_word' id='word_1_287' title='bbox 1189 2784 1250 2826; x_wconf 90' lang='lat' dir='ltr'>ut</span> <span class='ocrx_word' id='word_1_288' title='bbox 1297 2772 1479 2826; x_wconf 89' lang='lat' dir='ltr'>omnia</span> <span class='ocrx_word' id='word_1_289' title='bbox 1521 2773 1820 2846; x_wconf 83' lang='lat' dir='ltr'>quamlibet</span> <span class='ocrx_word' id='word_1_290' title='bbox 1860 2793 1983 2829; x_wconf 84' lang='lat' dir='ltr'>ver-</span> 
     </span>
     <span class='ocr_line' id='line_1_35' title="bbox 256 2843 1981 2924; baseline 0.002 -29"><span class='ocrx_word' id='word_1_291' title='bbox 256 2843 402 2910; x_wconf 88' lang='lat' dir='ltr'>bose,</span> <span class='ocrx_word' id='word_1_292' title='bbox 427 2854 499 2909; x_wconf 92' lang='lat' dir='ltr'>et,</span> <span class='ocrx_word' id='word_1_293' title='bbox 526 2844 667 2897; x_wconf 88' lang='lat' dir='ltr'>unde</span> <span class='ocrx_word' id='word_1_294' title='bbox 692 2844 891 2909; x_wconf 87' lang='lat' dir='ltr'>volent,</span> <span class='ocrx_word' id='word_1_295' title='bbox 916 2844 1144 2924; x_wconf 88' lang='lat' dir='ltr'>repetito</span> <span class='ocrx_word' id='word_1_296' title='bbox 1163 2847 1184 2879; x_wconf 74' lang='lat'>¹²</span> <span class='ocrx_word' id='word_1_297' title='bbox 1211 2858 1447 2915; x_wconf 87' lang='lat' dir='ltr'>tempore</span> <span class='ocrx_word' id='word_1_298' title='bbox 1470 2855 1756 2915; x_wconf 89' lang='lat' dir='ltr'>exponant.</span> <span class='ocrx_word' id='word_1_299' title='bbox 1829 2846 1981 2900; x_wconf 67' lang='lat' dir='ltr'>Non</span> 
     </span>
     <span class='ocr_line' id='line_1_36' title="bbox 257 2914 1980 2987; baseline 0.002 -21"><span class='ocrx_word' id='word_1_300' title='bbox 257 2915 406 2967; x_wconf 90' lang='lat' dir='ltr'>enim</span> <span class='ocrx_word' id='word_1_301' title='bbox 432 2926 542 2968; x_wconf 88' lang='lat' dir='ltr'>tam</span> <span class='ocrx_word' id='word_1_302' title='bbox 566 2915 710 2967; x_wconf 90' lang='lat' dir='ltr'>obest</span> <span class='ocrx_word' id='word_1_303' title='bbox 740 2914 924 2968; x_wconf 88' lang='lat' dir='ltr'>audire</span> <span class='ocrx_word' id='word_1_304' title='bbox 957 2918 1292 2987; x_wconf 66' lang='lat' dir='ltr'>supervacua,</span> <span class='ocrx_word' id='word_1_305' title='bbox 1319 2933 1482 2986; x_wconf 89' lang='lat' dir='ltr'>quam</span> <span class='ocrx_word' id='word_1_306' title='bbox 1516 2915 1765 2987; x_wconf 86' lang='lat' dir='ltr'>ignorare</span> <span class='ocrx_word' id='word_1_307' title='bbox 1799 2917 1980 2970; x_wconf 89' lang='lat' dir='ltr'>neees-</span> 
     </span>
     <span class='ocr_line' id='line_1_37' title="bbox 205 2984 1983 3058; baseline 0.003 -20"><span class='ocrx_word' id='word_1_308' title='bbox 205 2985 237 3037; x_wconf 85' lang='lat'>8</span> <span class='ocrx_word' id='word_1_309' title='bbox 258 2986 402 3039; x_wconf 84' lang='lat' dir='ltr'>saria.</span> <span class='ocrx_word' id='word_1_310' title='bbox 479 2987 803 3058; x_wconf 84' lang='lat' dir='ltr'>Frequenter</span> <span class='ocrx_word' id='word_1_311' title='bbox 844 2996 1025 3041; x_wconf 85' lang='lat' dir='ltr'>autem</span> <span class='ocrx_word' id='word_1_312' title='bbox 1063 2998 1119 3040; x_wconf 90' lang='lat' dir='ltr'>et</span> <span class='ocrx_word' id='word_1_313' title='bbox 1161 2985 1354 3041; x_wconf 89' lang='lat' dir='ltr'>vulnus</span> <span class='ocrx_word' id='word_1_314' title='bbox 1388 2995 1445 3042; x_wconf 86' lang='lat' dir='ltr'>et</span> <span class='ocrx_word' id='word_1_315' title='bbox 1484 2984 1783 3041; x_wconf 89' lang='lat' dir='ltr'>remedium</span> <span class='ocrx_word' id='word_1_316' title='bbox 1818 2987 1876 3040; x_wconf 92' lang='lat' dir='ltr'>in</span> <span class='ocrx_word' id='word_1_317' title='bbox 1914 2986 1983 3050; x_wconf 65' lang='lat' dir='ltr'>iio,</span> 
     </span>
    </p>
   </div>
   <div class='ocr_carea' id='block_1_3' title="bbox 257 3166 1978 3277">
    <p class='ocr_par' dir='ltr' id='par_1_3' title="bbox 257 3166 1978 3277">
     <span class='ocr_line' id='line_1_38' title="bbox 296 3166 1978 3220; baseline 0.005 -14"><span class='ocrx_word' id='word_1_318' title='bbox 296 3166 338 3195; x_wconf 25' lang='grc' dir='ltr'>νῦν</span> <span class='ocrx_word' id='word_1_319' title='bbox 362 3167 513 3219; x_wconf 81' lang='lat' dir='ltr'>aliquid</span> <span class='ocrx_word' id='word_1_320' title='bbox 533 3169 583 3208; x_wconf 90' lang='lat' dir='ltr'>G.</span> <span class='ocrx_word' id='word_1_321' title='bbox 727 3172 745 3194; x_wconf 50' lang='grc' dir='ltr'><strong>θ</strong></span> <span class='ocrx_word' id='word_1_322' title='bbox 778 3169 991 3220; x_wconf 81' lang='lat' dir='ltr'>pertinent,</span> <span class='ocrx_word' id='word_1_323' title='bbox 1009 3169 1306 3208; x_wconf 83' lang='lat' dir='ltr'>decantaverint</span> <span class='ocrx_word' id='word_1_324' title='bbox 1323 3170 1428 3210; x_wconf 86' lang='lat' dir='ltr'>Jens.</span> <span class='ocrx_word' id='word_1_325' title='bbox 1565 3168 1584 3196; x_wconf 57' lang='grc' dir='ltr'><strong><em>θ</em></strong></span> <span class='ocrx_word' id='word_1_326' title='bbox 1615 3170 1855 3213; x_wconf 83' lang='lat' dir='ltr'>reducantur</span> <span class='ocrx_word' id='word_1_327' title='bbox 1870 3171 1978 3214; x_wconf 81' lang='lat' dir='ltr'>Jeus.</span> 
     </span>
     <span class='ocr_line' id='line_1_39' title="bbox 257 3219 1890 3277; baseline 0.002 -14"><span class='ocrx_word' id='word_1_328' title='bbox 257 3226 277 3247; x_wconf 68' lang='lat'><strong>³</strong></span> <span class='ocrx_word' id='word_1_329' title='bbox 306 3234 396 3263; x_wconf 80' lang='lat' dir='ltr'>vere</span> <span class='ocrx_word' id='word_1_330' title='bbox 416 3222 469 3263; x_wconf 89' lang='lat' dir='ltr'>G.</span> <span class='ocrx_word' id='word_1_331' title='bbox 576 3219 593 3247; x_wconf 68' lang='lat' dir='ltr'>f</span> <span class='ocrx_word' id='word_1_332' title='bbox 620 3221 649 3262; x_wconf 77' lang='lat' dir='ltr'><strong>fi</strong></span> <span class='ocrx_word' id='word_1_333' title='bbox 665 3222 772 3262; x_wconf 79' lang='lat' dir='ltr'>Jeus.</span> <span class='ocrx_word' id='word_1_334' title='bbox 879 3228 899 3255; x_wconf 81' lang='lat'>⁸</span> <span class='ocrx_word' id='word_1_335' title='bbox 931 3232 1086 3263; x_wconf 87' lang='lat' dir='ltr'>mutare</span> <span class='ocrx_word' id='word_1_336' title='bbox 1104 3223 1155 3261; x_wconf 74' lang='lat' dir='ltr'>id.</span> <span class='ocrx_word' id='word_1_337' title='bbox 1264 3221 1284 3253; x_wconf 75' lang='lat' dir='ltr'>h</span> <span class='ocrx_word' id='word_1_338' title='bbox 1314 3224 1478 3276; x_wconf 81' lang='lat' dir='ltr'>repetita</span> <span class='ocrx_word' id='word_1_339' title='bbox 1494 3231 1621 3276; x_wconf 85' lang='lat' dir='ltr'>temp.</span> <span class='ocrx_word' id='word_1_340' title='bbox 1639 3234 1816 3277; x_wconf 73' lang='lat' dir='ltr'>exponat</span> <span class='ocrx_word' id='word_1_341' title='bbox 1834 3225 1890 3268; x_wconf 73' lang='lat' dir='ltr'>id.</span> 
     </span>
    </p>
   </div>
   <div class='ocr_carea' id='block_1_4' title="bbox 249 3382 1976 3676">
    <p class='ocr_par' dir='ltr' id='par_1_4' title="bbox 249 3382 1976 3676">
     <span class='ocr_line' id='line_1_40' title="bbox 312 3382 1558 3443; baseline 0.003 -18"><span class='ocrx_word' id='word_1_342' title='bbox 312 3382 447 3433; x_wconf 86' lang='lat' dir='ltr'>VIII,</span> <span class='ocrx_word' id='word_1_343' title='bbox 474 3397 511 3438; x_wconf 86' lang='grc' dir='ltr'>ς.</span> <span class='ocrx_word' id='word_1_344' title='bbox 544 3383 686 3427; x_wconf 79' lang='lat' dir='ltr'>deinde</span> <span class='ocrx_word' id='word_1_345' title='bbox 705 3383 890 3443; x_wconf 83' lang='lat' dir='ltr'>faciunt]</span> <span class='ocrx_word' id='word_1_346' title='bbox 928 3383 1074 3427; x_wconf 81' lang='lat' dir='ltr'>Suavi-</span> <span class='ocrx_word' id='word_1_347' title='bbox 1155 3400 1379 3443; x_wconf 82' lang='lat' dir='ltr'>proponere</span> <span class='ocrx_word' id='word_1_348' title='bbox 1396 3385 1558 3429; x_wconf 86' lang='lat' dir='ltr'>volunt.</span> 
     </span>
     <span class='ocr_line' id='line_1_41' title="bbox 252 3441 1975 3500; baseline 0.005 -17"><span class='ocrx_word' id='word_1_349' title='bbox 252 3447 381 3483; x_wconf 77' lang='lat' dir='ltr'>tatem</span> <span class='ocrx_word' id='word_1_350' title='bbox 413 3443 588 3485; x_wconf 82' lang='lat' dir='ltr'>orationi</span> <span class='ocrx_word' id='word_1_351' title='bbox 619 3442 811 3485; x_wconf 86' lang='lat' dir='ltr'>conciliat</span> <span class='ocrx_word' id='word_1_352' title='bbox 837 3442 933 3484; x_wconf 82' lang='lat' dir='ltr'>usus</span> <span class='ocrx_word' id='word_1_353' title='bbox 953 3441 1075 3495; x_wconf 81' lang='lat' dir='ltr'>hujus</span> <span class='ocrx_word' id='word_1_354' title='bbox 1216 3446 1257 3485; x_wconf 89' lang='lat'>6.</span> <span class='ocrx_word' id='word_1_355' title='bbox 1290 3442 1658 3500; x_wconf 78' lang='lat' dir='ltr'>deprehenduntur]</span> <span class='ocrx_word' id='word_1_356' title='bbox 1704 3445 1766 3490; x_wconf 83' lang='lat' dir='ltr'>Ut</span> <span class='ocrx_word' id='word_1_357' title='bbox 1804 3462 1896 3492; x_wconf 84' lang='lat' dir='ltr'>mus</span> <span class='ocrx_word' id='word_1_358' title='bbox 1931 3448 1975 3492; x_wconf 87' lang='lat' dir='ltr'>in</span> 
     </span>
     <span class='ocr_line' id='line_1_42' title="bbox 252 3498 1976 3565; baseline 0.005 -25"><span class='ocrx_word' id='word_1_359' title='bbox 252 3498 453 3549; x_wconf 78' lang='lat' dir='ltr'>adverbii,</span> <span class='ocrx_word' id='word_1_360' title='bbox 473 3499 584 3565; x_wconf 81' lang='lat' dir='ltr'>quod</span> <span class='ocrx_word' id='word_1_361' title='bbox 615 3501 771 3543; x_wconf 83' lang='lat' dir='ltr'>Graeco</span> <span class='ocrx_word' id='word_1_362' title='bbox 800 3500 881 3540; x_wconf 68' lang='grc' dir='ltr'>εἶτα</span> <span class='ocrx_word' id='word_1_363' title='bbox 910 3498 1071 3556; x_wconf 86' lang='lat' dir='ltr'>respon-</span> <span class='ocrx_word' id='word_1_364' title='bbox 1154 3500 1359 3559; x_wconf 84' lang='lat' dir='ltr'>decipula,</span> <span class='ocrx_word' id='word_1_365' title='bbox 1393 3501 1562 3554; x_wconf 83' lang='lat' dir='ltr'>haerent,</span> <span class='ocrx_word' id='word_1_366' title='bbox 1593 3503 1671 3546; x_wconf 88' lang='lat' dir='ltr'>ubi</span> <span class='ocrx_word' id='word_1_367' title='bbox 1709 3506 1899 3563; x_wconf 62' lang='lat' dir='ltr'>expedire</span> <span class='ocrx_word' id='word_1_368' title='bbox 1937 3507 1976 3549; x_wconf 75' lang='lat' dir='ltr'>s·</span> 
     </span>
     <span class='ocr_line' id='line_1_43' title="bbox 249 3555 1974 3617; baseline 0.006 -20"><span class='ocrx_word' id='word_1_369' title='bbox 249 3555 337 3605; x_wconf 88' lang='lat' dir='ltr'>det,</span> <span class='ocrx_word' id='word_1_370' title='bbox 371 3571 457 3613; x_wconf 89' lang='lat' dir='ltr'>quo</span> <span class='ocrx_word' id='word_1_371' title='bbox 485 3555 546 3598; x_wconf 78' lang='lat' dir='ltr'>illi</span> <span class='ocrx_word' id='word_1_372' title='bbox 577 3566 770 3607; x_wconf 88' lang='lat' dir='ltr'>utuntur,</span> <span class='ocrx_word' id='word_1_373' title='bbox 802 3571 900 3599; x_wconf 84' lang='lat' dir='ltr'>cum</span> <span class='ocrx_word' id='word_1_374' title='bbox 931 3557 1072 3599; x_wconf 84' lang='lat' dir='ltr'>absur-</span> <span class='ocrx_word' id='word_1_375' title='bbox 1154 3572 1236 3600; x_wconf 87' lang='lat' dir='ltr'>non</span> <span class='ocrx_word' id='word_1_376' title='bbox 1266 3559 1426 3617; x_wconf 78' lang='lat' dir='ltr'>possint.</span> <span class='ocrx_word' id='word_1_377' title='bbox 1476 3561 1544 3608; x_wconf 83' lang='lat' dir='ltr'>Sic</span> <span class='ocrx_word' id='word_1_378' title='bbox 1564 3561 1699 3606; x_wconf 82' lang='lat' dir='ltr'>utitur</span> <span class='ocrx_word' id='word_1_379' title='bbox 1717 3563 1844 3610; x_wconf 69' lang='lat' dir='ltr'>verbo</span> <span class='ocrx_word' id='word_1_380' title='bbox 1866 3579 1907 3616; x_wconf 77' lang='lat' dir='ltr'>x,</span> <span class='ocrx_word' id='word_1_381' title='bbox 1929 3568 1974 3617; x_wconf 83' lang='lat'>8,</span> 
     </span>
     <span class='ocr_line' id='line_1_44' title="bbox 249 3613 1073 3676; baseline 0.004 -18"><span class='ocrx_word' id='word_1_382' title='bbox 249 3613 349 3658; x_wconf 84' lang='lat' dir='ltr'>dam</span> <span class='ocrx_word' id='word_1_383' title='bbox 381 3625 423 3658; x_wconf 84' lang='lat' dir='ltr'>et</span> <span class='ocrx_word' id='word_1_384' title='bbox 460 3614 703 3676; x_wconf 80' lang='lat' dir='ltr'>insperatam</span> <span class='ocrx_word' id='word_1_385' title='bbox 742 3614 1073 3673; x_wconf 79' lang='lat' dir='ltr'>consequentiam</span> 
     </span>
    </p>
   </div>
   <div class='ocr_carea' id='block_1_5' title="bbox 1155 3630 1264 3744">
    <p class='ocr_par' dir='ltr' id='par_1_5' title="bbox 1155 3630 1264 3744">
     <span class='ocr_line' id='line_1_45' title="bbox 1155 3630 1227 3659; baseline 0.028 -3"><span class='ocrx_word' id='word_1_386' title='bbox 1155 3630 1227 3659; x_wconf 67' lang='grc' dir='ltr'>ιι.</span> 
     </span>
     <span class='ocr_line' id='line_1_46' title="bbox 1170 3689 1264 3744; baseline 0 0"><span class='ocrx_word' id='word_1_387' title='bbox 1170 3689 1207 3726; x_wconf 72' lang='grc' dir='ltr'>Υ</span> <span class='ocrx_word' id='word_1_388' title='bbox 1233 3689 1264 3744; x_wconf 83' lang='grc'>3</span> 
     </span>
    </p>
   </div>
  </div>
 </body>
</html>
