2320 4030
600 317 882 375 INSTIT.
921 318 1263 374 ORATOR.
1298 322 1439 374 LIB.
1471 315 1663 391 X11.5.
1889 337 1991 390 319

256 459 490 527 nicrum,
516 470 610 515 aut
633 461 792 516 etiam
823 457 1187 534 judicatorum
1222 459 1467 514 obtinent
1497 461 1679 514 locum
1704 479 1717 512 ε
1757 459 1845 513 sed
1869 461 1990 516 haeo

258 546 480 605 quoque
519 545 612 586 aut
649 532 917 586 vetustatis
955 533 1058 586 fide
1093 543 1213 585 tuta
1253 531 1392 597 sunt,
1437 543 1530 585 aut
1572 534 1638 586 ab
1677 531 1992 587 hominibus

258 605 476 676 magnis
521 615 909 676 praeceptorum
955 604 1079 657 loco
1126 603 1248 656 ficta
1294 603 1612 656 creduntur.-
1678 603 1824 656 Sciat
1861 622 1994 676 ergo

260 693 424 746 quam
499 674 729 729 lurima:
767 674 910 728 unde
943 675 1104 727 etiam
1140 673 1352 726 senibus
1390 674 1676 728 auctoritas
1707 674 1876 746 major
1899 677 1991 741 est,

262 745 410 817 quod
434 695 585 828 piura
607 745 748 798 noffe
772 756 829 798 et
851 745 1030 799 vidisse
1055 745 1375 798 creduntur:
1412 746 1561 816 quod
1585 746 1859 798 Homerus
1886 747 1994 798 fre⁴

257 818 597 888 quentiffime
620 817 855 870 testatur.
931 816 1035 870 Sed
1071 835 1179 868 non
1215 817 1288 868 est
1323 815 1670 887 exspectanda
1693 816 1885 869 ultima
1921 837 1995 870 ae—

263 897 367 954 tae,
410 905 536 940 cum
582 887 748 940 studia
785 889 1045 959 praestent,
1091 898 1172 951 ut,
1256 898 1476 940 uantum
1520 887 1589 940 ad
1627 887 1998 959 cognitionem

207 962 210 966 ’
262 958 497 1033 pertinet
519 977 716 1024 rerum,
743 959 904 1012 etiam
932 957 1209 1030 praeteritis
1258 957 1425 1011 eculis
1451 957 1630 1013 vixiffe
1653 959 1949 1025 videamur.

337 1031 410 1083 V.
449 1030 587 1084 Haec
610 1030 751 1095 sunt,
777 1049 902 1102 quae
927 1045 1015 1083 me
1050 1028 1386 1082 redditurum
1422 1030 1784 1101 promiseram,
1810 1029 1996 1100 instru-

263 1111 452 1168 menta,
479 1120 585 1154 non
624 1101 770 1167 artiS,
809 1112 869 1155 ut
912 1100 1135 1173 quidam
1177 1110 1515 1171 putaverunt,
1549 1100 1639 1153 sed
1679 1101 1837 1172 ipsius
1880 1123 1998 1155 ora-

255 1172 407 1226 toris.
480 1173 620 1226 Haec
659 1190 803 1225 arma
834 1172 1029 1226 habere
1054 1171 1123 1226 ad
1161 1190 1401 1235 manum,
1429 1171 1622 1224 horum
1658 1171 1876 1226 scientia
1899 1173 1999 1226 dea-

266 1243 362 1298 bet
383 1243 483 1296 effe
508 1243 827 1307 succinctum
853 1243 1141 1296 accedente
1174 1244 1458 1297 verborum
1490 1244 1891 1315 figuratumque
1915 1244 1998 1297 fa-

263 1314 362 1368 cili
399 1315 572 1385 copia,
613 1325 668 1367 et
714 1314 1038 1368 inventionis
1081 1314 1304 1380 ratione,
1345 1325 1400 1366 et
1442 1314 1752 1386 disponendi
1792 1316 1908 1382 usu,
1944 1325 2000 1369 et

267 1386 545 1439 memoriae
583 1385 832 1438 firmitate
852 1395 889 1451 ³,
935 1396 991 1438 et
1028 1385 1248 1438 actionis
1289 1384 1481 1457 gratia.
1557 1385 1663 1439 Sed
1707 1385 2003 1457 plurimum

269 1475 338 1510 ex
375 1458 460 1510 his
495 1458 634 1510 valet
670 1457 826 1510 animi
859 1455 1172 1529 praestantia,
1213 1475 1375 1527 quam
1417 1475 1516 1510 nec
1557 1467 1733 1510 metus
1767 1456 2000 1529 frangat,

271 1546 372 1581 nec
408 1528 722 1581 acclamatio
754 1539 968 1594 terreat,
995 1547 1096 1581 nec
1131 1527 1464 1582 audientium
1501 1529 1787 1582 auctoritas
1808 1537 1821 1562 ³
1861 1531 2004 1583 ultra

219 1599 510 1653 2debitam
549 1599 895 1652 reverentiam
936 1600 1127 1652 tardet.
1202 1600 1351 1652 Nam
1391 1609 1452 1652 ut
1488 1597 1847 1652 abominanda
1883 1600 2004 1654 sunt

273 1671 534 1724 contraria
574 1671 660 1723 his
699 1670 828 1724 vitia
867 1670 1227 1735 confidentiae,
1266 1670 1598 1736 temeritatiS,
1625 1671 2006 1741 improbitatiS‚

273 1760 393 1795 arro
433 1743 590 1795 antiae
614 1763 628 1794 ι
667 1741 742 1794 ita
765 1742 899 1795 citra
922 1741 1286 1807 constantiam,
1314 1741 1583 1806 fiduciam,
1608 1741 2005 1810 fortitudinem,

275 1761 434 1866 nihi?
449 1833 531 1866 ars
547 1823 588 1879 ¹¹,
624 1812 760 1866 nihil
795 1813 1042 1875 studium,
1068 1813 1204 1865 nihil
1245 1812 1513 1883 profectus
1555 1813 1663 1885 ipse
1708 1813 2001 1885 profuerit:

275 1896 341 1939 ut
375 1884 410 1937 fi
442 1884 537 1938 des
573 1903 720 1938 arma
750 1883 955 1938 timidis
992 1896 1050 1938 et
1081 1883 1414 1938 imbellibus,
1490 1885 1699 1937 invitus
1735 1886 2008 1940 mehercle

219 2009 227 2019 ,
275 1955 420 2021 dico,
446 1955 701 2028 quoniam
733 1966 789 2008 et
820 1955 972 2009 aliter
1006 1955 1175 2027 accipi
1206 1956 1394 2026 potest,
1421 1955 1580 2027 ipsam
1610 1957 2007 2024 verecundiam„

279 2026 471 2080 vitium
495 2027 737 2099 quidem,
763 2027 853 2081 sed
875 2027 1124 2093 amabile,
1150 2037 1206 2080 et
1229 2046 1349 2098 quae
1375 2027 1598 2080 virtutes
1626 2026 1881 2080 facillime
1906 2047 2010 2100 ge-

280 2110 450 2163 neret,
475 2096 576 2151 ess'e
613 2098 865 2151 interim¹
901 2099 1188 2163 adversam,
1214 2098 1504 2170 multisque
1540 2099 1596 2151 in
1632 2099 1801 2152 cauffa
1837 2098 2010 2167 fuisse,

281 2181 345 2222 ut
366 2170 509 2222 bona
533 2169 739 2241 ingenii
766 2169 1024 2242 studiique
1048 2171 1103 2223 in
1131 2170 1309 2222 lucem
1347 2188 1453 2222 non
1491 2170 1710 2242 prolata,
1738 2171 1835 2224 fitu
1872 2190 2012 2242 quo-

225 2255 259 2310 3
284 2239 405 2293 dam
445 2240 632 2295 secreti
678 2239 1128 2294 consumerentur.
1202 2241 1350 2294 Sciat
1389 2252 1588 2307 autem,
1627 2242 1661 2294 fi
1703 2242 1823 2312 quis
1866 2242 2009 2309 haec,

282 2311 422 2366 forte
445 2313 626 2366 minus
650 2311 826 2365 adhuc
851 2312 1052 2383 peritus
1079 2312 1439 2384 distinguendi
1466 2313 1573 2364 vim
1613 2311 1866 2384 cujusque
1891 2333 2012 2366 ver-

282 2383 362 2449 bi,
388 2385 554 2456 leget,
579 2401 687 2436 non
723 2384 1042 2455 probitatem
1082 2403 1114 2436 a
1148 2402 1236 2436 me
1268 2383 1601 2453 reprehendi,
1626 2383 1715 2436 sed
1747 2403 2008 2438 verecun-

284 2454 450 2521 diam,
486 2474 607 2527 quae
645 2455 716 2508 est
753 2454 914 2507 timor
957 2455 1197 2526 quidam,
1232 2455 1495 2508 reducens
1535 2456 1773 2507 animum
1815 2457 1882 2508 ab
1926 2456 2013 2523 iis,

326 2546 411 2579 uae
448 2525 693 2588 facienda
717 2526 856 2592 sunt,
882 2527 1026 2579 unde
1053 2525 1305 2591 confufiO,
1332 2537 1389 2578 et
1413 2527 1574 2597 coepti
1599 2526 1933 2597 poenitentia,
1958 2540 2019 2582 et

309 2598 523 2651 ubitum
565 2597 852 2651 filentium.
929 2598 1070 2651 Quis
1104 2616 1262 2669 porro
1300 2597 1512 2651 dubitet
1546 2598 1688 2650 vitiis
1720 2597 2017 2653 adscribere

230 2679 270 2734 4
290 2668 556 2734 affectum,
581 2679 795 2740 propter
817 2686 979 2742 quem
1007 2668 1181 2722 facere
1205 2669 1415 2721 honeste
1442 2669 1607 2739 pudet
1631 2672 1648 2722 ?
1690 2669 1884 2740 Neque
1911 2689 2018 2743 ego

289 2739 463 2793 rursus
487 2739 615 2793 nolo
640 2759 785 2807 eum,
813 2740 906 2812 qui
932 2741 992 2792 fit
1026 2739 1284 2806 dicturus,
1311 2750 1366 2792 et
1401 2739 1666 2793 solicitum
1703 2740 1933 2811 surgere,
1963 2752 2020 2795 et

291 2810 510 2865 colore2
545 2804 757 2877 mutari,
784 2822 840 2864 et
867 2811 1164 2882 periculum
1201 2811 1534 2882 intelligere:
1613 2831 1695 2864 uae
1734 2811 1767 2863 fi
1795 2831 1900 2864 non
1926 2831 2018 2866 ac-

294 2882 498 2948 cident,
537 2882 699 2935 etiam
748 2882 1036 2936 fimulanda
1084 2893 1259 2935 erunt.
1335 2883 1441 2935 Sed
1483 2883 1593 2935 inte
1616 2883 1787 2935 lectus
1828 2883 1919 2936 hic
1962 2885 2022 2937 fit

293 2954 490 3026 operiS,
516 2972 622 3006 non
648 2964 848 3007 metus:
880 2971 1314 3025 moveamurque,
1343 2972 1448 3005 non
1475 2953 1841 3007 concidamus,
1897 2955 2013 3027 Op-

295 3024 430 3078 tima
452 3025 522 3077 est
544 3034 725 3077 autem
760 3025 1066 3079 emendatio
1090 3024 1442 3090 verecundiae,
1465 3025 1669 3096 fiducia
1691 3045 1708 3076 .·
1746 3036 1802 3077 et
1826 3039 2018 3098 quam-

237 3104 274 3162 5
297 3095 432 3150 libet
466 3095 738 3149 imbecilla
771 3095 936 3166 frons,
961 3115 1157 3168 magna
1193 3095 1480 3169 conscientia
1514 3097 1808 3149 sustinetur.
1883 3098 2024 3151 Sunt

296 3178 354 3221 et
387 3167 661 3234 naturalia,
687 3178 750 3220 ut
778 3167 932 3240 supra
963 3167 1095 3234 dixi,
1123 3187 1242 3239 quae
1277 3178 1458 3220 tamen
1496 3179 1552 3221 et
1589 3186 1718 3222 cura
1742 3166 2020 3240 juvantur,

354 3328 371 3351 ⁸
402 3323 559 3362 firmate
575 3322 682 3362 Jens.
800 3329 816 3356 t
847 3321 1088 3364 auctoritatis
1106 3320 1160 3363 id.
1278 3328 1300 3353 '¹
1326 3329 1428 3363 artes
1446 3322 1498 3366 G.
1624 3326 1646 3349 ¹
1675 3323 1780 3363 inter
1796 3322 1953 3364 adversa
1969 3323 2019 3364 G.

300 3385 322 3410 ²
349 3373 527 3417 colorein
546 3386 702 3417 mutare
720 3376 825 3416 Jens.

360 3514 418 3564 V,
452 3528 493 3567 5.
536 3522 580 3556 ut
606 3515 742 3573 supra
777 3512 891 3570 dixi]
933 3512 1119 3557 Prooem.
1207 3511 1425 3559 ‘Trachalio
1450 3513 1574 3559 etiam
1595 3513 1737 3573 tetigit
1762 3530 1831 3567 10,
1858 3530 1896 3567 1,
1923 3529 2021 3572 1¹9·

302 3572 474 3616 universi
494 3573 627 3630 operis
658 3573 689 3616 s.
713 3574 785 3617 26.
814 3572 876 3630 sq.
928 3571 1041 3617 Illud
1073 3573 1124 3616 de
