2320 4030
355 253 447 316 198
774 253 849 301 M.
885 252 1096 303 FABII
1133 254 1711 307 QUINCTILIANI

340 393 582 441 trantu-r:
622 404 746 442 cum
778 397 870 441 et¹
905 391 1061 443 verba
1085 390 1402 444 intercidant
1425 391 1890 464 invalescantque²
1914 400 2072 448 tem-

339 457 580 529 poribuS,
607 469 670 511 ut
693 478 920 530 quorum
946 462 1222 516 certiffima
1246 463 1306 514 fit
1341 461 1529 534 regula
1563 463 1618 515 in
1657 463 2058 531 consuetudine,

341 546 518 600 eaque
534 548 640 581 non
668 530 759 583 sua
782 541 966 585 natura
991 532 1087 584 fint
1110 534 1252 586 bona
1277 543 1371 584 aut
1393 533 1549 597 mala,
1582 537 1725 616 (nam
1755 553 1849 606 per
1871 535 1923 588 se
1946 535 2059 589 soni

341 609 551 652 tantum
594 601 733 667 sunt)
776 602 864 655 sed
903 613 1063 674 prout
1101 613 1395 675 opportune
1434 623 1749 677 proprieque
1785 615 1877 671 aut
1911 606 2066 659 secus·

342 670 602 724 collocata
641 672 797 724 sunt:
854 686 909 726 et
951 674 1258 745 compofitio
1297 692 1423 727 cum
1466 676 1622 729 rebus
1659 676 2062 730 accommodata.

341 741 404 793 s1t
425 752 466 806 ²,
493 753 606 794 turn
646 743 751 812 ipsa
773 745 1023 797 varietate
1059 744 1359 817 gratiffima.
1434 745 1770 818 Quapropter
1804 747 2059 800 exaffiffi-

342 831 434 865 mo
461 813 669 884 judicio
695 815 833 866 circa
855 815 994 867 hanc
1019 824 1223 886 partem
1261 816 1548 869 studiorum
1573 817 1919 870 examinanda
1945 817 2063 870 sunt
2086 806 2152 859 ¹4

341 884 540 935 omnia.
617 885 869 949 Primum,
895 905 1031 956 quos
1059 886 1366 940 imitemur:
1406 905 1528 939 nam
1555 887 1675 943 sunt
1708 888 1942 960 plurimi,
1968 890 2062 960 qui

341 953 742 1008 similitudinem
773 956 972 1026 pestimi
1008 956 1259 1029 cujusque
1292 967 1347 1009 et
1381 958 1751 1029 corruptiffimi
1776 961 2062 1031 concupie-

342 1025 450 1076 rint
473 1026 512 1077 ὓ.
586 1025 797 1078 Deinde
841 1027 896 1078 in
935 1027 1070 1096 ipfis‚
1106 1046 1241 1099 quos
1282 1027 1619 1100 elegerimuS,
1662 1029 1791 1101 quid
1833 1030 1912 1096 fit,
1955 1031 2061 1083 ad‘

341 1095 488 1164 quod
530 1096 905 1149 efficiendumd
950 1116 1046 1149 nos
1094 1116 1479 1168 comparemus,
1552 1100 1700 1152 Nam
1747 1102 1803 1152 in
1852 1101 2062 1174 magnis

341 1184 559 1236 quoque
582 1168 886 1221 auetoribus
918 1168 1165 1222 incidunt
1195 1168 1374 1240 aliqua
1396 1169 1596 1236 vitiosa,
1624 1181 1679 1223 et
1713 1190 1745 1223 a
1780 1171 1950 1224 doetis
1975 1172 2059 1232 in·
2088 1161 2151 1218 Ῐ5

341 1246 423 1288 ter
441 1237 577 1308 ipsos
592 1238 750 1290 etiam
768 1251 958 1291 mutuo
978 1239 1309 1311 reprehensa:
1336 1251 1388 1294 at
1428 1259 1494 1294 ue
1515 1259 1720 1294 UTINA
1733 1260 1776 1294 M
1796 1253 1903 1295 tam
1922 1243 2066 1297 bona

343 1307 615 1362 imitantes
638 1309 874 1362 dicerent
898 1310 1110 1377 meliuS,
1135 1330 1295 1382 quam
1320 1330 1408 1364 ma
1429 1330 1460 1363 a
1481 1311 1630 1383 pejus
1656 1313 1842 1366 dicunt
1860 1324 1900 1367 θ.
1943 1315 2065 1380 Nec

343 1397 470 1443 vero
493 1379 674 1433 saltem
694 1380 785 1446 liis,
811 1382 1005 1451 quibus
1042 1382 1111 1434 ad
1137 1382 1383 1435 evitanda
1406 1382 1536 1435 vitia
1559 1383 1751 1454 judicii
1786 1383 1905 1439 satis
1941 1385 2064 1452 fuit,

344 1449 565 1503 sufficiat
588 1450 876 1523 imaginem
904 1452 1115 1504 virtutis
1140 1453 1413 1524 effingere,
1438 1464 1494 1505 et
1529 1454 1711 1520 solam,
1734 1465 1799 1510 ut
1821 1456 1888 1509 fic
1911 1455 2062 1511 dixe-

344 1519 466 1587 rim,
493 1531 694 1586 cutem,
723 1523 804 1575 vel
840 1523 1017 1592 potius
1053 1523 1171 1576 illas
1204 1525 1421 1595 Epicuri
1459 1524 1675 1596 figuras„
1700 1545 1829 1598 quas
1863 1545 1894 1579 e
1917 1526 2062 1581 sum-

344 1593 449 1655 mis
473 1592 781 1663 corporibus
814 1593 947 1646 dicit
971 1593 1201 1648 effluere.
1275 1596 1400 1648 Hoc
1423 1607 1603 1649 autem
1627 1596 1692 1650 iis
1730 1597 1943 1664 accidit,
1969 1659 1974 1665 ,
2007 1598 2063 1652 ui

344 1681 452 1715 non
493 1662 821 1734 introspeffxs
860 1664 1074 1734 penitus
1115 1665 1418 1731 virtutibuS,
1454 1665 1520 1718 ad
1559 1667 1791 1739 primum
1829 1668 1880 1722 se
1919 1687 1978 1723 ve
2002 1682 2066 1724 ut
2090 1646 2156 1698 16

342 1733 645 1804 adspeRum
671 1734 923 1787 orationis
946 1746 1192 1806 aptarunt
1216 1757 1229 1789 ε
1269 1748 1325 1789 et
1347 1743 1475 1790 eum
1508 1737 1573 1790 iis
1601 1738 1889 1792 feliciffime
1923 1741 2068 1794 ceffit

343 1805 732 1876 imitatquui
757 1807 771 1835 f
812 1805 982 1858 verbis
1027 1817 1190 1879 atque
1234 1808 1468 1860 numeris
1514 1808 1637 1863 sunt
1676 1828 1781 1863 non
1831 1811 2094 1874 multum

345 1875 668 1941 differenteS,
697 1875 806 1929 vim
846 1875 1058 1930 dicendi
1093 1888 1256 1950 atque
1290 1877 1610 1932 inventionis
1645 1899 1752 1933 non
1787 1881 2066 1956 affequun-

342 1957 450 2011 tur,
474 1946 562 1999 sed
586 1946 901 2018 plerumque
932 1947 1201 2002 declinant
1224 1949 1279 2002 in
1314 1949 1482 2022 pejuS,
1509 1962 1564 2003 et
1588 1952 1830 2022 proxima
1853 1952 2066 2006 virtuti-

342 2019 444 2071 bus
476 2018 604 2071 vitia
641 2018 1122 2088 comprehendunt,
1148 2019 1280 2073 fiunt
1320 2039 1388 2074 ue
1424 2039 1518 2092 pro
1550 2023 1832 2093 grandibus
1871 2025 2067 2092 tumidi,

337 2088 511 2161 preffis
548 2087 712 2153 exiles,
734 2089 962 2160 fhrtibus
988 2091 1253 2157 temerarii,
1303 2091 1413 2145 aetis
1439 2093 1670 2164 corrupti,
1696 2095 1954 2167 compositis
1978 2115 2066 2148 ex·-

326 2150 604 2231 sultantes,
621 2160 935 2232 simplicibus
959 2181 1019 2215 ne
1057 2161 1279 2233 lig-entes.
1354 2161 1593 2235 Ideoque
1628 2164 2065 2235 quihorrideat·

344 2250 453 2302 que
490 2231 833 2304 incompofite
869 2250 1029 2304 quam
1053 2232 1204 2287 ibetg
1236 2231 1494 2306 frigidum
1519 2233 1654 2288 illud
1679 2246 1735 2288 et
1773 2236 1934 2291 inane
1971 2257 2064 2292 ex·
2092 2229 2155 2286 17

401 2393 422 2414 ¹
453 2402 520 2428 om.
541 2389 597 2429 G.
706 2394 724 2415 z
756 2388 998 2435 invalescant
1013 2390 1119 2429 Jens.
1227 2395 1245 2416 ¹
1276 2405 1343 2429 om.
1367 2391 1417 2430 G.
1436 2391 1542 2430 Jens.
1639 2389 1657 2416 ¹³
1689 2393 1980 2444 concupierunt
1998 2394 2067 2434 iid.

349 2447 366 2467 ⁶
398 2457 467 2480 om.
489 2444 540 2482 G.
559 2441 664 2482 Jens.
772 2443 790 2466 ‘¹
823 2443 938 2482 nobis
957 2444 1216 2489 efficiendum
1236 2457 1370 2495 comp.
1392 2446 1443 2483 G.
1556 2450 1572 2470 θ
1604 2445 1741 2487 dicant
1759 2448 1867 2488 Jens.
1958 2447 1976 2474 f
1996 2462 2068 2492 um.

348 2496 397 2535 G.
420 2498 525 2536 Jens.
635 2502 653 2526 ⁸
684 2495 750 2535 Sic
768 2497 819 2536 G.
840 2505 877 2536 et
894 2496 1018 2536 Vallae
1038 2497 1143 2538 liber.
1173 2499 1366 2550 quidlibet
1386 2499 1438 2538 al.

411 2646 482 2683 13.
514 2630 653 2673 verba
681 2630 948 2686 intercidant]
995 2635 1061 2676 Ex
1094 2633 1166 2676 illo
1249 2634 1512 2678 adscribenda
1530 2635 1635 2679 sunt.

350 2689 501 2731 Horat.
525 2690 589 2731 A.
606 2690 658 2732 P.
681 2692 753 2732 60.
776 2690 836 2746 sq.
1308 2693 1409 2736 Dico
1432 2693 1560 2751 igitur
1575 2708 1714 2738 rerum
1731 2694 1884 2752 effigias
1910 2697 2066 2756 tenues-

413 2747 465 2788 Ut
474 2745 598 2800 silvis
608 2747 719 2804 folia
731 2754 877 2804 pronos
897 2756 1106 2792 mutantur-
1125 2748 1168 2792 in
1367 2764 1442 2808 que
1448 2752 1615 2808 figuras

466 2818 605 2854 annos,
1309 2808 1473 2851 Mittier
1499 2809 1554 2852 ab
1582 2808 1702 2853 rebus
1716 2812 1875 2870 summo
1903 2811 1954 2854 de
1976 2825 2066 2856 cor-

410 2861 555 2905 Prima
573 2862 781 2905 cadunt—
1361 2875 1460 2923 pore
1475 2881 1620 2910 earum
1635 2885 1649 2922 3

410 2919 552 2963 Multa
579 2921 851 2978 renascentur,
874 2935 965 2979 quae
983 2922 1076 2979 jam
1103 2935 1168 2969 ce·
1309 2929 1418 2985 Qae
1433 2924 1545 2983 quast
1559 2925 1799 2970 membrana
1824 2925 1905 2971 vel
1925 2934 2065 2971 cortex

466 2977 615 3027 cidere,
634 2979 852 3036 cadentque
1367 2982 1643 3031 nominitanda
1659 2983 1728 3042 est,

411 3039 521 3093 Qae
547 3050 652 3078 nunc
667 3037 769 3094 sunt
797 3036 841 3085 in
867 3035 1011 3080 honore
1036 3051 1167 3080 voca·
1309 3041 1432 3099 Qod
1441 3040 1615 3106 speciem
1635 3055 1687 3084 ac
1703 3041 2064 3100 fhrmamfimilem

468 3093 577 3135 bula.
1358 3107 1472 3154 gerit
1487 3098 1574 3154 ejus
1592 3098 1742 3156 imago,

415 3168 433 3193 1
446 3166 487 3204 5.
509 3152 593 3194 Nec
605 3165 711 3195 vero
715 3150 890 3211 saltem]
913 3152 995 3195 Pro
1013 3166 1063 3194 ne
1079 3151 1168 3210 qui·
1308 3155 1607 3214 Qoiuscunque
1622 3156 1726 3201 cluet
1741 3157 1792 3201 de
1808 3165 1967 3216 corpore
1979 3158 2063 3216 fu-

350 3210 456 3258 dem‚
475 3217 524 3251 ut
545 3211 587 3259 6,
607 3225 650 3258 2,
674 3225 744 3265 19.
768 3212 810 3259 6,
827 3222 873 3261 4,
892 3223 963 3264 15,
983 3211 1058 3252 ubi
1076 3211 1165 3254 vid.
1353 3215 1411 3271 sa
1427 3213 1608 3270 vagari.

418 3282 488 3321 15.
511 3266 605 3309 illas
623 3265 789 3325 Epicuri
795 3267 982 3323 figuras]
1005 3268 1053 3310 A
1073 3270 1168 3325 qui·
1311 3273 1381 3313 16.
1415 3270 1624 3328 compositis
1656 3271 1925 3331 exsultantes]
1973 3275 2062 3318 Ex·-

351 3326 433 3367 bus
464 3325 556 3367 sunt
579 3325 749 3381 speblra
782 3325 852 3367 illa
885 3324 1082 3375 Catiana,
1117 3326 1168 3369 de
1251 3325 1375 3371 cessus
1394 3328 1536 3386 itaque
1553 3331 1774 3374 numerosae
1801 3341 1842 3375 et
1865 3331 2063 3390 compost-

351 3382 581 3440 quibusad
604 3397 674 3432 10,
698 3397 862 3436 1,124.
888 3381 1167 3434 Disertiffime,
1249 3395 1304 3428 tae
1349 3387 1547 3429 orationis
1595 3389 1650 3432 est
1693 3387 1916 3447 exsultans,
1962 3403 2060 3434 cum

351 3450 401 3482 ut
421 3440 532 3491 solet,
549 3441 768 3483 Lucretius
779 3455 825 3493 4,
837 3443 919 3494 483
940 3440 1057 3494 cujus
1079 3455 1167 3484 ver·
1248 3443 1433 3501 rhythmi
1450 3444 1574 3487 nimis
1594 3446 1736 3505 aperti,
1756 3455 1806 3489 ut
1833 3447 1865 3492 ii
1883 3447 1936 3492 ad
1953 3461 2062 3507 quos

352 3498 408 3540 ba
425 3513 521 3541 cum
541 3498 754 3558 respexerit
779 3507 916 3558 aperte
935 3498 1078 3551 noster,
1097 3498 1166 3545 hic
1246 3500 1432 3546 saltatur.
1455 3502 1544 3547 vid.
1567 3520 1610 3561 9,
1627 3519 1674 3560 4,
1697 3507 1770 3550 66.
