2320 4030
334 269 428 318 288
492 279 501 305 -'

720 269 795 318 M.
832 265 1038 318 FABn
1079 265 1677 319 QUINCTILIANI·
1707 297 1717 314 .-

333 423 471 470 mus,
515 404 549 457 fi
595 403 863 476 aliquanto
908 406 1062 478 supra
1102 405 1263 460 imam
1308 415 1492 478 togam
1535 405 1733 471 fuerit,
1760 422 2052 479 numquam

333 483 475 528 certe
499 477 559 528 fit
586 474 816 530 inferior.
859 475 978 542 Ille,
1005 477 1099 550 qui
1124 478 1215 531 sub
1241 479 1465 530 humero
1491 476 1679 530 dextro
1701 475 1769 528 ad
1795 476 2051 532 finistrurn

330 548 550 618 oblique
587 546 818 612 ducitur,
845 549 996 601 velut
1032 547 1260 614 balteus,
1290 566 1388 601 nec
1431 547 1733 619 strangulet,
1759 566 1859 601 nec
1898 549 2047 602 fluat.

330 618 454 671 Pars
479 629 642 690 togae,
670 637 791 688 quae
815 621 987 689 postea
1011 618 1319 690 imponitur,
1348 619 1406 672 fit
1441 618 1687 672 inferior:
1727 637 1852 671 nam
1887 618 1963 671 ita
1993 631 2052 673 et

327 689 475 743 sedet-
498 689 711 753 meliuS,
740 699 794 740 et
830 690 1150 743 continetur.

1223 689 1582 744 Subducenda
1605 690 1911 761 etiampars
1946 689 2046 741 ali-
2082 721 2085 729 κ

328 778 436 833 qua
461 760 676 824 tunicae,
699 776 771 811 ne
804 759 871 812 ad
905 759 1161 814 lacertum
1198 759 1254 812 in
1291 761 1417 814 ablu
1453 760 1669 814 redeat:
1710 771 1827 813 tum
1847 773 1868 796 ²
1909 761 2049 818 finus

327 829 645 901 injiciendus
684 828 929 895 humero,
964 829 1119 902 cujus
1157 841 1446 884 extremam
1488 848 1635 884 oram
1673 829 1903 902 rejecifl'e
1938 847 2048 884 non

328 902 571 956 dedecet.
644 900 856 970 Operiri
881 911 1060 953 autem
1085 902 1371 955 humerum
1407 920 1532 956 cum
1557 912 1676 954 toto
1702 901 1918 983 jugulo,
1937 921 2044 955 non
2069 918 2138 960 141

326 982 554 1044 oportet,
575 969 772 1039 alioqui
795 971 1052 1024 amiecusb
1080 973 1170 1025 fiet
1193 973 1465 1045 angustu2,
1485 983 1541 1024 et
1564 973 1904 1045 dignitatem,
1926 991 2047 1045 quae

326 1045 397 1097 est
422 1043 477 1094 in
502 1041 786 1094 latitudine
810 1042 1059 1113 petitoris,
1086 1044 1290 1114 perdet.

324 1114 490 1186 usque
525 1110 864 1166 allevandum
902 1113 993 1178 est,
1019 1123 1082 1166 ut
1105 1115 1246 1186 quafi
1282 1114 1761 1167 normalem-illum
1786 1132 1849 1166 an
1895 1114 2045 1168 ulum
2102 1133 2133 1139 ’·

578 1184 747 1254 Super
782 1183 930 1254 quod
956 1202 1048 1236 ora
1076 1203 1142 1237 ex
1165 1196 1296 1256 toga
1324 1185 1522 1257 duplex
1554 1185 1824 1256 aequaliter
1867 1185 2043 1240 edeat.
2131 1219 2135 1222 <

323 1258 525 1308 Manus
549 1272 657 1308 non
682 1253 964 1324 impleatur
998 1255 1227 1322 annulis,
1251 1257 1515 1327 praecipue
1551 1256 1756 1309 medios
1791 1255 2042 1310 articulos
2067 1272 2141 1313 ¹42

323 1186 501 1238 faciat.

1365 1043 1636 1096 Sinistrum
1669 1042 1944 1096 brachium
1979 1062 2047 1097 eo

325 1345 434 1380 non
475 1324 899 1378 transeuntibus:
939 1325 1091 1398 cujus
1133 1327 1234 1379 erit
1274 1327 1491 1381 habitus
1527 1327 1781 1398 optimUS,
1819 1326 2044 1382 allevato

323 1396 540 1470 pollice,
566 1406 623 1448 et
657 1391 843 1466 digitis
865 1395 1052 1450 leviter
1075 1398 1303 1464 inflexiS,
1331 1398 1425 1451 nifi
1447 1399 1482 1450 fi
1516 1398 1765 1451 libellum
1797 1398 2039 1465 tenebit:

322 1467 469 1541 quod
512 1485 620 1519 non
661 1467 743 1519 uti
783 1485 851 1519 ue
898 1467 1221 1539 captandum
1268 1469 1359 1522 est.
1430 1468 1661 1524 Videtur
1702 1468 1845 1522 enim
1889 1467 2042 1522 fateri

323 1538 598 1592 memoriae
643 1536 753 1590 diffi
794 1537 1013 1605 entiam,
1039 1549 1095 1592 et
1137 1539 1206 1592 ad
1250 1540 1450 1593 multos
1487 1541 1663 1612 gestus
1700 1540 1772 1592 est
1807 1539 1881 1592 im
1923 1539 2039 1592 edi-

319 1622 524 1663 mento,
596 1609 809 1678 Togam
842 1618 1045 1671 veteres
1082 1609 1151 1662 ad
1190 1611 1398 1664 calceos
1429 1612 1630 1682 usquee
1665 1609 1886 1663 demitte
1925 1621 2036 1676 ant,
2065 1627 2141 1670 ¹43

319 1691 385 1734 ut
413 1679 590 1733 Graeci
614 1679 852 1760 pallium.
927 1680 1098 1762 quue
1120 1694 1190 1762 ut
1209 1681 1315 1747 fiat,
1342 1681 1435 1754 qui
1460 1682 1527 1735 de
1559 1681 1712 1762 gestu
1732 1681 2056 1754 scripserunt

321 1751 464 1806 circa
487 1761 727 1823 tempora
749 1748 861 1817 111a,
887 1750 1089 1806 Plotius
1119 1752 1481 1827 NJgidiusque
1504 1753 1837 1826 praecipiunt.
1911 1753 2043 1808 Quo

683 1943 707 1968 ²
733 1944 872 1977 tamen
890 1937 944 1977 id.

315 2109 410 2152 nica
436 2106 568 2150 facere
597 2106 791 2165 potuerit,
812 2106 855 2148 in
874 2105 1018 2163 primis
1039 2120 1134 2149 cum

317 2176 410 2223 toga
446 2173 566 2222 caput
610 2164 869 2214 obvolveret,
907 2178 1003 2220 quae
1042 2164 1135 2206 laxa

316 2225 541 2268 admodum
559 2223 631 2266 effe
652 2223 813 2273 debuit,
834 2221 862 2264 si
891 2222 1030 2264 eadem
1051 2221 1134 2264 ima

316 2298 435 2327 crura
462 2283 591 2324 texit:
629 2291 670 2323 et
697 2294 746 2322 ne
775 2279 947 2334 objicias
974 2279 1134 2322 laticla-

316 2343 428 2385 viam
467 2340 651 2382 tunicam
685 2339 798 2395 cingi
834 2351 917 2380 non
954 2336 1132 2391 solitam,

317 2399 434 2456 quod
463 2399 587 2440 modo
612 2397 642 2438 s.
673 2399 751 2449 138
785 2395 928 2438 docuit
958 2395 1134 2446 Fabius,

318 2457 471 2499 constat
511 2471 560 2498 ex
591 2454 732 2496 eodem
766 2454 960 2497 Suetonio
989 2467 1030 2495 c.
1055 2466 1132 2507 45,

318 2516 436 2558 illum
452 2517 584 2573 supra
602 2512 727 2554 latum
754 2511 923 2555 clavum
940 2510 1047 2566 cingi
1060 2511 1133 2568 so-

313 2573 430 2616 litum
463 2581 505 2614 et
535 2569 691 2628 quidem
710 2569 894 2625 fluxiore
929 2568 1129 2611 cinctura.

312 2632 450 2675 Nobis
498 2638 606 2672 certe
653 2628 786 2670 adhuc
845 2627 1135 2670 blandiebatur

312 2690 401 2733 haec
419 2687 699 2744 interpretatio
716 2685 760 2727 in
779 2684 886 2736 loco,
902 2699 1027 2741 quem
1045 2698 1134 2727 ma-

311 2748 500 2791 lediaum
527 2743 632 2787 forte
659 2742 831 2785 vocasset
849 2741 1038 2800 gloffator
1056 2742 1134 2785 ali-

316 2807 429 2861 quis.
467 2803 549 2845 Sed
563 2814 689 2844 coenae
694 2800 863 2856 fercula
880 2801 1018 2858 nqstrae
1034 2800 1134 2842 Ma-

315 2864 386 2906 lim
404 2858 616 2910 convi‘viss
635 2873 755 2914 quam
767 2857 954 2916 placuiffi’
970 2872 1102 2915 coquo.

379 2937 394 2963 1
402 2935 477 2972 40.
496 2916 743 2961 Ille—<velut
755 2915 928 2969 balteus]
951 2917 1019 2958 Ita
1031 2916 1129 2970 jun-

310 2980 446 3038 genda
464 2977 555 3019 sunt
574 2975 662 3018 haec
681 2974 822 3024 verba,
841 2983 892 3016 ut
908 2972 1029 3017 velut
1056 2974 1130 3016 ad-

303 3038 463 3094 jectum
502 3033 548 3076 fit
584 3032 741 3075 nomini
781 3031 934 3074 balteus
969 3030 1129 3089 signum

311 3093 578 3151 metaphorae,
606 3089 671 3133 vel
699 3088 976 3132 similitudinis
1003 3100 1127 3140 certe,

308 3153 449 3198 eadem
468 3150 624 3192 ratione
642 3156 690 3190 ut
708 3147 818 3204 quast
828 3166 841 3191 .·
874 3158 921 3189 ut
948 3146 975 3189 s1
992 3146 1127 3198 dicas,

309 3211 482 3268 aliquem
501 3221 553 3250 ex
571 3205 636 3248 illo
665 3205 778 3249 velut
800 3203 1015 3261 naufragio
1030 3207 1126 3263 ser-

309 3278 476 3312 vatum.
523 3265 589 3307 Sic
611 3263 762 3313 statim,
781 3270 827 3305 ut
843 3262 954 3320 quasi
965 3277 1127 3306 norma-

311 3328 388 3369 lem
408 3325 520 3368 illum
538 3321 728 3378 angulum
736 3320 881 3375 saciat
901 3322 982 3363 ὅτε.
1024 3321 1127 3364 Pars

307 3394 419 3441 t›gae
444 3395 547 3439 vquae
582 3380 655 3422 sub
689 3379 858 3420 humero
893 3379 1038 3421 dextro
1074 3379 1128 3421 ad

308 3442 504 3487 sinistrum
544 3452 614 3495 per
652 3437 793 3494 pestus
821 3436 1005 3487 ducitur,
1038 3435 1128 3478 bal-

307 3511 414 3545 teum
433 3495 544 3556 quasi
564 3495 770 3553 quendam
798 3491 949 3538 format
968 3493 1128 3552 aliquot

1051 1936 1071 1963 ¹²
1101 1938 1252 1978 amictu
1269 1938 1291 1976 J
1294 1939 1373 1978 ens.

1485 1942 1503 1964 ε
1534 1943 1603 1978 om.
1623 1937 1677 1979 id.

1217 2106 1336 2165 plicis
1356 2106 1617 2150 constantem.
1666 2108 1782 2151 Huic
1803 2106 1922 2150 velut
1949 2103 2039 2151 bal-

1214 2172 1276 2207 teo
1306 2166 1532 2223 imponitur
1557 2173 1661 2222 pars
1693 2174 1796 2222 togae
1827 2181 1853 2208 a
1885 2165 2038 2209 finistro

1217 2222 1388 2266 humero
1416 2223 1580 2266 veniens
1608 2223 1675 2275 fic,
1696 2232 1744 2265 ut
1772 2223 1820 2267 fit
1848 2222 2036 2276 inferior,

1216 2290 1258 2323 et
1275 2280 1383 2324 infra
1402 2280 1519 2323 illum
1537 2282 1774 2339 dependeat.
1949 2292 1951 2297 ’

1277 2354 1378 2392 140.
1413 2338 1530 2395 finus
1575 2339 1811 2396 injiciendus
1845 2338 2031 2395 humero]

1215 2397 1299 2440 Hic
1314 2397 1428 2454 finus
1450 2399 1672 2455 generatim
1703 2412 1846 2441 cavam
1866 2407 1906 2441 et
1926 2397 2034 2441 fluc-

1213 2463 1398 2498 tuantem
1427 2465 1540 2512 togae
1575 2465 1732 2513 partem
1766 2464 1898 2506 notat,
1936 2470 2035 2513 quae

1213 2514 1266 2555 ab
1286 2513 1439 2556 exserto
1468 2513 1636 2556 humero
1653 2514 1799 2557 dextro
1829 2513 2035 2559 descendit

1213 2585 1285 2628 per
1303 2571 1438 2614 femur
1463 2570 1598 2614 versus
1625 2573 1778 2630 pedum
1806 2572 2033 2630 intercapess-

1211 2629 1373 2682 dinem3
1395 2629 1462 2671 hic
1482 2630 1724 2683 injiciendus
1742 2631 1913 2674 humero
1931 2630 2050 2672 dex:

1214 2695 1295 2737 tro,
1315 2701 1364 2729 ne
1397 2686 1459 2730 vel
1491 2687 1616 2730 nimis
1645 2698 1836 2731 oneretur
1867 2687 2031 2740 sinister,

1212 2745 1278 2786 vel
1311 2745 1430 2803 plane
1458 2754 1559 2802 toga
1591 2746 1711 2789 initio
1747 2746 1921 2789 actionis
1956 2746 2031 2789 de·

1213 2801 1341 2856 fluat,
1371 2816 1469 2845 nam
1480 2804 1718 2860 procedente
1733 2807 1828 2847 aaa
1846 2803 1899 2846 ab
1917 2803 2030 2847 initio

1205 2866 1312 2916 pene
1337 2860 1588 2904 narrationis
1612 2862 1732 2905 velut
1749 2864 1892 2920 sponte
1916 2861 2028 2904 dela-

1212 2916 1340 2969 bitur,
1361 2919 1476 2977 quod
1494 2929 1632 2962 monet
1650 2921 1681 2963 s.
1709 2935 1809 2974 144.

1273 2986 1374 3028 141.
1415 2986 1463 3020 ut
1497 2977 1608 3035 quast
1637 2977 1875 3031 normalem]
1918 2975 2027 3019 Bra-

1206 3031 1339 3076 chium
1353 3034 1420 3077 hic
1467 3037 1599 3093 roprie
1614 3035 1803 3086 sumitur,
1817 3045 1866 3078 ut
1884 3034 2029 3078 distin·-

1207 3101 1362 3147 guatur
1382 3107 1406 3134 a
1429 3051 1593 3144 {certa
1615 3103 1729 3151 parte
1749 3093 1853 3136 inter
1882 3093 2028 3135 hume-

1207 3162 1301 3191 rum
1319 3159 1445 3208 atque
1462 3151 1653 3194 cubitum
1674 3151 1907 3205 interjecta:
1929 3165 2026 3195 cum

1206 3205 1359 3251 lacerto
1395 3218 1532 3251 autem
1579 3209 1734 3252 efficere
1767 3210 1889 3251 debet
1934 3217 2025 3252 tan-

1208 3279 1335 3320 quam
1355 3265 1481 3309 altero
1503 3267 1628 3310 latere
1654 3267 1845 3324 angulum
1863 3280 2025 3309 norma-

1206 3321 1285 3364 lem
1305 3323 1380 3367 five
1409 3325 1591 3368 rectum:
1618 3333 1785 3372 acutum
1805 3325 1912 3367 enim
1942 3338 2025 3368 non

1208 3380 1392 3424 admittit
1420 3382 1546 3425 moles
1574 3393 1684 3439 togae
1718 3382 2022 3436 incumbentis,

1206 3437 1361 3496 obtusus
1377 3440 1496 3484 valde
1514 3441 1547 3489 fi,
1561 3440 1624 3494 sit,
1642 3450 1778 3486 metus
1798 3441 1867 3494 est,
1887 3454 1940 3484 ne
1954 3443 2025 3484 ea'-

1205 3494 1300 3541 dem
1317 3497 1489 3544 defluat.
