2320 4030
555 321 833 372 INSTIT.
869 321 1203 372 ORATOR.
1239 323 1375 373 Lm.
1410 325 1553 374 v1114
1587 342 1634 376 2.
1901 345 1960 390 η

233 459 606 583 ἓρῐῗρῐατὶὴυε
644 459 870 527 insertiS,
896 459 1011 512 alia.
1035 459 1208 532 figura
1238 459 1428 532 quinto
1454 459 1676 514 demum
1701 463 1851 518 versu
1875 482 1959 519 re-

253 542 317 583 ‘it
354 570 372 596 ,

519 628 750 696 —Tum,
759 629 814 701 st
829 650 927 701 qua
940 631 1118 701 anum
1135 628 1315 708 procul
1337 649 1479 684 arma
1506 630 1699 699 dedere,

450 701 598 755 Stare
621 699 717 752 loco
743 701 1057 773 ”fist-*w-

151 813 214 865 16
234 814 465 869 Vitanda
504 814 558 867 in
583 815 785 886 ,primis
827 812 1174 885 ambiguitaS,
1201 833 1308 868 non
1350 815 1469 868 haec
1504 814 1694 881 solum,
1719 815 1787 868 dc
1814 816 1965 888 cujus

233 905 430 958 genere
461 886 612 958 supra
635 886 842 939 dietum
870 886 960 952 est,
999 906 1122 957 quae
1163 887 1424 939 incertum
1450 887 1787 940 intellectum
1814 888 1964 955 facit,

145 969 153 979 ⁸
188 1004 191 1006 .
234 970 316 1021 ut,
346 958 642 1012 Chremetem
678 958 859 1009 audivi
889 956 1157 1029 perczfffiffl
1180 959 1450 1010 Demeam:
1484 959 1575 1012 sed
1612 958 1704 1011 illa
1729 978 1965 1032 quoque,

233 1047 377 1100 quae,
402 1029 599 1081 etiamsi
641 1029 856 1082 turbare
895 1049 1003 1081 non
1041 1030 1205 1099 potest
1241 1029 1464 1095 sensum,
1502 1030 1556 1081 in
1605 1029 1745 1082 idem
1784 1041 1966 1085 tamen

234 1100 523 1154 verborum
551 1100 743 1153 vitium
768 1099 990 1152 incidit:
1029 1112 1111 1164 ut,
1139 1100 1170 1151 fi
1198 1100 1505 1172 quisdicat,
1533 1102 1695 1172 visam
1733 1123 1765 1154 a
1792 1104 1846 1171 se
1878 1104 1966 1155 bo-

235 1171 412 1225 minem
437 1170 620 1224 librum
639 1172 956 1243 scribentem.
1029 1173 1196 1237 Nam,
1217 1171 1414 1223 etiarnsi
1443 1171 1641 1224 librum
1678 1174 1745 1225 ab
1784 1173 1966 1226 homi-

231 1261 304 1295 ne
326 1242 480 1296 scribi
506 1254 702 1315 pateat,
729 1242 870 1295 male
895 1254 1075 1294 tamen
1101 1243 1487 1313 composuerat,
1518 1242 1823 1315 feceratque
1849 1263 1966 1298 am-

149 1324 213 1381 17
237 1313 486 1386 biguum,
510 1324 774 1386 quantum
812 1314 866 1365 in
905 1314 1015 1385 ipso
1051 1313 1175 1367 fuit.
1251 1314 1338 1366 Est
1373 1315 1535 1366 etiam
1566 1315 1621 1366 in
1647 1315 1968 1385 quibusdam

237 1388 396 1439 turba
417 1385 655 1439 inanium
681 1386 986 1449 verborum,
1013 1385 1128 1457 qui»,
1158 1384 1289 1437 dum
1327 1404 1669 1440 communem
1708 1386 1969 1457 loquendi

233 1452 442 1510 morem
468 1456 835 1520 reformidant,
855 1455 1021 1509 -dueti
1056 1456 1228 1528 specie
1253 1457 1460 1522 nitoris,
1486 1457 1822 1510 circumeunt
1847 1476 1967 1510 om-

228 1528 327 1581 mia
349 1546 415 1582 co
452 1529 558 1582 iosa
594 1529 939 1600 loquacitate,
965 1546 1087 1598 quae
1113 1527 1290 1580 dicere
1326 1528 1544 1581 volunt:
1585 1529 1747 1600 ipsam
1773 1528 1969 1584 deinde

230 1597 384 1652 illam
433 1600 595 1653 eriem
623 1619 746 1652 cum
776 1599 878 1652 alia
902 1598 1380 1670 fimilijungentes,
1408 1599 1808 1671 miscentesque,
1830 1600 1971 1655 ultra

152 1671 217 1732 18
237 1689 398 1742 quam
428 1670 603 1725 ullusi
627 1670 838 1742 spiritus
866 1670 1051 1723 durare
1077 1671 1247 1742 poffit,
1274 1670 1591 1724 extendunt.
1631 1671 1694 1725 In
1712 1671 1823 1725 hoc
1850 1690 1968 1724 ma-

237 1741 355 1795 lum
393 1743 555 1796 etiam
595 1762 626 1795 a
648 1742 962 1814 quibusdam
1007 1741 1310 1795 laboratur:
1350 1761 1541 1814 neque.
1566 1742 1621 1796 id
1659 1762 1856 1796 novum
1884 1744 1968 1796 vi-

238 1813 376 1871 tium
419 1814 508 1879 est,
536 1833 658 1866 cum
693 1813 804 1885 jam
847 1812 989 1884 apud
1023 1813 1212 1866 Titum
1252 1814 1466 1866 Livium
1504 1814 1790 1879 inveniam,
1819 1814 1970 1869 fuiffe

238 1897 618 1956 praeceptorem
657 1885 911 1956 aliquem,
938 1884 1031 1954 qui
1057 1883 1338 1956 discipulos
1373 1886 1645 1958 obscurare,
1675 1898 1801 1957 quae‘
1821 1886 1970 1940 dice-

237 1967 376 2020 rent,
392 1957 631 2030 juberet,
660 1959 855 2010 Graeco
881 1957 1042 2008 verbo
1060 1967 1237 2021 utenS,
1268 1956 1497 2007 σκότισον.
1572 1957 1735 2010 Unde
1757 1957 1848 2010 il-la
1871 1958 1972 2010 sci-

146 2075 154 2093 ..
237 2026 371 2081 licet
392 2028 613 2110 egregia
647 2027 885 2081 laudatio
902 2027 946 2093 k,
977 2027 1134 2080 Tanto
1159 2027 1328 2079 melior
1351 2049 1366 2078 ε
1407 2047 1466 2078 ne
1488 2023 1576 2099 egei
1603 2029 1798 2100 quidem
1823 2028 1974 2081 intel-

152 2097 362 2169 19-Iexi.
437 2099 570 2166 Ali1,
611 2098 887 2153 brevitatis
937 2099 1137 2164 aemufi,
1178 2097 1455 2153 neceffaria
1494 2118 1711 2171 quoque
1747 2099 1974 2155 orationi

242 2169 561 2223 subtrahunt
583 2172 760 2236 verba,
789 2180 863 2235 et,
898 2169 1048 2224 velut
1086 2170 1208 2222 satis
1232 2170 1294 2221 fit
1317 2167 1445 2221 scire
1471 2171 1627 2241 ipsOS,
1650 2189 1770 2241 quae
1797 2171 1976 2224 dicere

238 2241 428 2307 velint,
454 2253 716 2314 quantum
744 2241 811 2294 ad
848 2241 980 2294 alios
1006 2241 1285 2325 pertineat,
1312 2240 1448 2292 nihil
1481 2253 1694 2313 putant.
1767 2242 1847 2294 At
1866 2258 1974 2314 ego

242 2312 474 2378 otiosum
512 2312 1105 2378 sermonem->dixer1m,
1145 2331 1309 2385 quem
1358 2312 1570 2365 auditor
1609 2313 1702 2366 suo
1750 2313 1976 2387 ingenio

243 2391 379 2438 non¹
401 2385 676 2458 inteiligit.
740 2383 1000 2450 Quidam,
1020 2383 1272 2437 emutatis
1299 2383 1353 2435 in
1378 2385 1676 2454 perversum
1701 2383 1881 2449 dietis,
1905 2385 1975 2439 de

151 2471 225 2512 ‚120
245 2454 431 2528 figuris
479 2455 623 2509 idem
670 2455 861 2510 vitium
910 2457 1325 2537 consequuntur.
1408 2456 1626 2508 Peflima
1676 2474 1800 2508 vero
1855 2457 1978 2510 sunt

243 2527 512 2592 ἀδιανόητα,
538 2528 642 2580 hoc
667 2528 758 2592 est,
796 2545 918 2598 quae
946 2528 1120 2580 verbis
1161 2536 1345 2598 aperta
1382 2526 1627 2579 occultos
1665 2526 1841 2580 sensus
1874 2527 1975 2580 ha·-

245 2596 377 2650 bent
399 2618 415 2651 z
452 2610 535 2665 ut,
567 2600 842 2653 ConduHus
868 2596 930 2670 cst
954 2619 1109 2652 caecus
1129 2607 1160 2631 ⁸¹
1181 2599 1329 2672 seem
1352 2598 1505 2651 ‘viam
1522 2597 1666 2669 stare
1684 2620 1702 2651 .-
1740 2609 1815 2664 et,
1840 2599 1936 2672 qui
1953 2608 1975 2633 ¹¹

301 2740 321 2766 ‘¹
352 2741 480 2783 reddit
494 2743 602 2785 Jens.
622 2738 796 2784 redditur
814 2745 865 2785 G.
977 2739 991 2772 ἶ
1018 2743 1126 2782 illius
1142 2742 1195 2784 G.
1209 2743 1256 2795 s.
1276 2740 1412 2782 uilius.
1559 2741 1579 2766 ¹<
1611 2757 1682 2782 om.
1702 2743 1753 2781 G.
1863 2740 1875 2767 ¹
1906 2739 1976 2783 om.

235 2793 301 2835 ’6,
317 2795 423 2836 Jens.
444 2806 480 2835 et
505 2798 559 2837 al.
579 2799 728 2838 debetur
756 2797 932 2850 restitutio
950 2797 1078 2849 Regio.
1269 2804 1298 2824 m
1327 2807 1448 2835 cecus
1465 2796 1575 2835 viam
1594 2798 1692 2836 stare
1711 2797 1762 2834 G.
1786 2809 1822 2836 2.
1842 2808 1977 2837 caecus

246 2850 358 2889 viam
389 2851 514 2891 vitam
548 2853 591 2892 st.
626 2854 758 2905 Kapp.
787 2853 907 2893 cond.
939 2854 995 2892 est
1025 2863 1159 2892 caecus
1195 2849 1307 2890 viam
1340 2851 1559 2890 monstrare
1590 2852 1683 2905 conj.
1720 2850 1978 2903 Hezfingerus.

251 2906 271 2925 ¹
302 2914 394 2954 quae
411 2905 519 2946 Jcns.

310 3040 380 3082 16.
398 3040 532 3097 fhpra
548 3040 722 3095 dicrum]
758 3057 800 3095 7,
822 3059 865 3097 9,
890 3057 960 3085 10.
1153 3055 1233 3084 mae
1251 3039 1439 3097 alioquin
1468 3039 1531 3083 vir
1561 3039 1777 3090 orationis,
1796 3054 1893 3083 cum
1914 3054 1982 3085 me

311 3099 382 3140 18.
413 3100 528 3155 apud
539 3098 589 3141 T.
602 3099 797 3154 Livium]
815 3101 944 3142 Putat
962 3101 1070 3144 Bur·
1142 3099 1298 3141 ‚docere
1336 3098 1488 3148 voluit,
1518 3097 1715 3139 ἀδιανόητον
1752 3107 1892 3140 ortum
1930 3115 1982 3143 ex

246 3168 441 3206 mannus,
463 3157 603 3214 respici
625 3158 834 3215 epistolam
853 3159 904 3200 ad
921 3159 1072 3206 filium,
1153 3172 1219 3208 eo,
1249 3157 1363 3214 quod
1393 3157 1511 3213 secus
1539 3154 1681 3206 viam,
1716 3171 1792 3214 pro
1825 3156 1887 3199 ad
1914 3157 1981 3201 vel

239 3213 300 3255 de
326 3218 415 3269 ‘qua
455 3230 523 3266 10,
544 3230 585 3266 1,
607 3230 678 3271 39,
698 3226 738 3258 et
771 3216 986 3276 probabile
1018 3216 1073 3258 est
1149 3222 1274 3273 prope
1293 3223 1367 3257 aut
1375 3216 1510 3271 juxta
1529 3212 1650 3256 viam
1671 3213 1850 3270 posuerit
1866 3215 1980 3271 quis·

250 3270 492 3314 admodum.
1155 3275 1253 3330 quis
1280 3271 1326 3314 fit
1356 3272 1480 3325 hujus
1514 3271 1657 3313 senarii
1676 3270 1849 3314 aneton
1883 3287 1982 3316 cum

312 3341 384 3384 19.
413 3330 464 3376 de
478 3329 653 3387 figuris]
685 3331 786 3385 Vid.
812 3348 854 3383 7,
874 3346 922 3384 4,
939 3334 1012 3373 28.
1157 3330 1372 3373 inauditus
1405 3329 1452 3372 fit
1482 3329 1668 3385 antiquis
1696 3327 1766 3373 ille
1796 3329 1891 3372 usus
1919 3337 1985 3378 τῆς

310 3401 383 3430 20.
412 3390 541 3432 Cond.
572 3389 625 3447 4ss
656 3390 821 3444 caecus]
868 3388 1076 3433 Caecutire
1143 3391 1280 3446 secus,
1299 3398 1339 3429 et
1356 3387 1525 3430 sordidae
1539 3387 1737 3430 novitatis
1756 3386 1983 3447 postulatus

251 3458 318 3487 me
335 3445 404 3488 hic
425 3445 571 3498 fateor,
593 3458 633 3489 et
652 3446 740 3490 haec
760 3450 950 3488 ἀδιανόητα
970 3447 1075 3489 mihi
1159 3461 1184 3488 a
1219 3445 1403 3488 Charino
1432 3445 1509 3488 lib.
1545 3460 1586 3488 1.
1621 3459 1665 3502 p.
1698 3448 1770 3488 61.
1808 3444 1981 3488 Putsch.

236 3504 311 3545 .ita
339 3502 411 3546 effe
441 3507 644 3556 ἀδιανόητα,
663 3514 712 3547 ut
742 3519 909 3563 operam
939 3504 1077 3548 luserit
1160 3505 1246 3547 Cui
1266 3513 1402 3546 tamen
1423 3503 1493 3546 alii
1522 3503 1824 3553 contradicunt,
1845 3513 1885 3545 et
1905 3516 1986 3545 nu-

253 3562 523 3616 candidissimi
541 3573 589 3604 ut
614 3563 758 3614 animi,
789 3564 850 3607 ita
883 3561 1075 3608 lucidissh
1162 3578 1232 3620 per
1253 3562 1321 3607 Cl.
1357 3563 1630 3613 Heumannus
1651 3562 1701 3604 ad
1723 3561 1917 3605 Laaant.
1944 3576 1986 3611 1,
