2320 4030
526 307 1191 362 1N8T1T.·0RA⁴1’-0R.
1228 310 1367 358 ΜΒ.
1401 308 1541 358 v111.
1581 324 1626 357 2.
1895 324 1954 371 ,9

228 449 511 522 temserre¹
530 471 548 503 .-
585 458 699 514 aut,
724 446 901 519 qualia
924 465 1068 500 nunc
1090 444 1374 499 laudantur
1396 464 1427 498 a
1488 444 1787 511 uibusdam,
1815 464 1953 518 quoa

228 540 352 578 rum
374 521 554 587 est,·de
574 529 599 552 ²
624 539 762 574 cruce
779 527 807 565 ⁸.
835 520 1087 572 decernere
1101 520 1143 583 b,
1171 517 1326 569 verba
1351 517 1442 569 ceci
1480 526 1649 569 erunt.-
1716 518 1843 570 Non
1871 532 1958 572 ta-

227 611 376 658 men,
403 589 668 664 quidquid
701 609 808 642 non
847 589 948 643 erit
983 589 1274 660 proprium,
1313 588 1554 658 protinus
1591 597 1648 640 et
1677 586 1957 661 improprii

227 663 365 716 vitio
408 661 703 716 laborabit:
767 660 895 731 quia
939 661 1171 732 primum
1220 658 1464 712 omnium
1513 658 1690 711 multa
1733 661 1853 712 sunt
1898 672 1955 713 et

174 744 209 802 5
233 735 424 788 Graece
448 745 501 788 et
530 732 722 786 Latine
746 749 855 784 non
880 730 1241 789 denominata.
1315 731 1463 782 Nam
1487 741 1560 795 et,
1590 729 1682 800 qui
1708 728 1955 800 jaculum

180 833 189 844 ν
231 805 451 871 emittit,
461 804 696 878 jaculari
720 802 953 868 dicitur3
993 802 1087 874 qui
1124 802 1296 873 pilum
1314 810 1334 832 ⁶
1372 812 1467 854 aut
1490 801 1690 866 sudem,
1717 802 1956 872 appella-

231 877 381 930 tione
418 875 663 948 privatim
703 873 798 927 fibi
842 875 1093 945 affignata
1129 882 1309 925 caret:
1350 882 1407 924 et
1449 883 1531 937 ut,
1559 872 1789 944 lapidare
1826 873 1959 945 quid

233 948 312 1012 fit,
334 947 667 1000 manifestum
703 945 795 1010 est,
822 945 899 1000 ita
931 944 1212 1016 glebarum
1247 944 1600 1015 testarumque
1619 942 1810 1067 geroius
1849 963 1958 997 non

232 1018 400 1077 habet
425 1036 640 1072 nomen.
714 1017 879 1070 Unde
912 1017 1109 1081 abufiO,
1138 1034 1260 1086 quae
1286 1014 1583 1083 κατάχρησις
1658 1013 1833 1080 icitur,
1859 1033 1956 1076 ne-

179 1088 461 1155 Gceffaria.
502 1123 503 1131 κ
538 1087 822 1160 Transsatio
859 1106 1095 1159 quoque,
1121 1086 1177 1138 in
1201 1104 1307 1158 qua
1340 1085 1426 1138 vel
1451 1086 1716 1139 maximus
1740 1087 1810 1139 est
1838 1105 1957 1140 ora-

142 1186 155 1215 <
232 1160 394 1214 tionis
420 1171 654 1222 ornatuS‚
680 1160 838 1212 verba
863 1178 968 1211 non
994 1159 1099 1210 suis
1122 1158 1284 1210 rebus
1309 1157 1700 1211 accommodat.
1777 1159 1958 1212 Quare

232 1232 527 1305 proprietas
565 1251 673 1284 non
710 1230 777 1282 ad
818 1248 1033 1293 nornen,
1059 1228 1148 1281 sed
1182 1229 1251 1281 ad
1289 1229 1396 1281 vim
1435 1229 1760 1300 significandi
1793 1229 1957 1283 refer-

180 1315 209 1372 7
235 1314 323 1360 tur
343 1324 358 1356 z
379 1321 497 1369 nec
523 1301 729 1369 auditu,
753 1300 842 1353 sed
867 1299 1141 1352 intelle&u
1175 1300 1552 1372 perpendenda
1587 1302 1676 1353 est.
1751 1302 1959 1363 Secum

235 1374 307 1428 do
330 1373 492 1428 modo
513 1373 711 1428 dicitur
733 1373 1000 1444 proprium
1036 1372 1176 1424 inter
1215 1370 1384 1443 plura,
1410 1391 1534 1443 quae
1571 1371 1691 1425 sunt
1723 1372 1960 1444 ejusdem

235 1445 488 1512 nominiS‚
517 1445 571 1498 id
591 1448 633 1510 d,
658 1444 802 1498 unde
827 1451 1001 1496 cetera
1027 1443 1188 1496 dud³ta
1206 1445 1361 1495 sunt:
1402 1454 1465 1494 ut
1487 1453 1659 1496 vertex
1675 1455 1694 1477 θ
1732 1445 1803 1496 est
1828 1463 1960 1497 con-

159 1556 162 1561 ,
233 1528 376 1571 torta
399 1517 454 1570 in
480 1517 532 1571 se
557 1535 714 1588 aqua,
744 1515 825 1569 vel
852 1514 1115 1586 quidquid
1139 1514 1284 1567 aliud
1311 1513 1548 1568 similiter
1579 1515 1834 1581 vertitur3
1875 1517 1960 1569 in-

237 1588 307 1642 de
369 1599 546 1660 ropter
570 1589 764 1640 flexum
803 1586 1113 1658 capillorum
1143 1604 1260 1656 pars
1286 1587 1359 1639 est
1380 1585 1396 1618 f
1420 1586 1627 1655 summa
1645 1587 1865 1659 capitis;
1905 1600 1962 1641 et

237 1677 307 1712 ex
332 1607 458 1726 iioc,
485 1659 668 1731 quodss
709 1659 779 1711 est
817 1659 871 1710 in
899 1657 1174 1710 montibus
1212 1657 1700 1712 eminentiffimum.
1752 1658 1960 1725 Rene,

238 1730 457 1803 inquam
479 1731 521 1796 ¹¹,
566 1730 762 1784 dixeris
806 1729 925 1782 haec
967 1729 1150 1782 omnia.
1195 1729 1403 1782 vertices
1427 1749 1442 1794 3
1539 1731 1711 1801 roprie
1760 1741 1962 1798 tamen,

239 1803 386 1856 unde
411 1802 626 1855 initium
653 1803 744 1854 est.
821 1799 941 1854 Sici
965 1800 1143 1874 soleae,
1171 1811 1227 1854 et
1247 1801 1402 1858 *turdi
1436 1748 1620 1872 pisiieS,
1648 1813 1702 1854 et
1730 1813 1907 1855 cetera
1929 1803 1964 1856 ¹.

188 1873 219 1925 8
241 1874 456 1927 Tertius
481 1874 555 1926 est
590 1873 718 1934 huic
743 1873 976 1926 diversus
1001 1872 1215 1938 modim,
1242 1890 1366 1926 cum
1395 1891 1478 1925 res
1504 1873 1808 1926 communis
1843 1873 1965 1944 ρΙιι-ι

173 1947 178 1951 ’
240 1945 390 2007 ribus
412 1945 468 1997 in
493 1963 605 1998 uno
630 1945 811 2017 aliquo
832 1954 864 1976 ²¹²
901 1943 1067 2016 habet
1097 1962 1292 1997 nomen
1318 1943 1577 1997 eximium
1602 1965 1615 1996 z
1655 1957 1716 1996 ut
1754 1963 1968 1998 carmen

150 2044 159 2052 ’
241 2015 466 2073 funebre
488 2016 696 2091 proprie
722 2015 930 2083 Naenz'a,
958 2025 1014 2068 et
1039 2015 1440 2070 tabernaculum
1468 2015 1620 2069 ducis
1643 2016 1967 2087 Auguralen.

297 2193 320 2217 ¹
348 2173 547 2239 fere-Spin.
565 2189 671 2227 Jens.
700 2199 856 2227 morem
883 2188 982 2227 ferre
1009 2203 1128 2240 marg.
1150 2188 1275 2242 Vasta.
1296 2168 1486 2239 et'Steph.
1510 2159 1512 2161 ι
1718 2194 1741 2216 ²
1769 2195 1809 2226 et
1827 2187 1895 2240 ins:
1913 2188 1968 2230 G.

245 2246 263 2266 ²
295 2241 345 2280 de
363 2254 481 2283 eruce
500 2257 567 2282 om.
586 2243 692 2295 Jens.
721 2244 769 2280 de
789 2243 949 2281 cornice
969 2245 1192 2297 quorgcndam
1211 2257 1331 2294 marg.
1414 2282 1417 2286 ,
1450 2242 1473 2273 b
1500 2256 1568 2280 om.
1589 2242 1640 2281 G.
1662 2249 1698 2280 et
1716 2241 1769 2280 al.
1789 2250 1852 2292 ap.
1870 2243 1968 2293 ssur.

248 2299 264 2320 ‘
298 2295 425 2346 pilam
445 2296 498 2335 G.
609 2297 626 2322 ⁴
660 2296 858 2335 et—diaa
877 2297 927 2336 G.
946 2298 1052 2336 Jens.
1145 2303 1159 2322 Β
1192 2306 1332 2336 vortex
1349 2296 1419 2335 iid.
1511 2295 1538 2320 f·
1555 2310 1624 2335 om.
1643 2296 1712 2335 iid.
1809 2303 1826 2324 ὅ
1860 2296 1970 2346 quod

247 2351 304 2389 est
321 2364 392 2390 om.
411 2349 481 2390 iid.
620 2348 639 2379 ¹²
669 2365 739 2390 om.
758 2351 826 2390 iid.
1007 2350 1016 2375 ἰ
1046 2351 1147 2390 ficut
1166 2352 1218 2390 G.
1394 2353 1405 2376 ¹
1438 2364 1505 2389 om.
1527 2350 1578 2389 G.
1740 2354 1772 2374 ¹¹²
1803 2349 1896 2389 loco
1916 2351 1969 2390 G.

241 2409 288 2500 ”C
302 2403 520 2498 ἳυὲιιιῆαιὶε
539 2405 590 2444 G.
609 2405 715 2445 Jens.
761 2404 888 2444 Lenia
913 2406 1030 2457 nostra
1049 2406 1097 2456 (st
1115 2422 1139 2444 a
1158 2405 1362 2456 conjec‘lura
1376 2404 1532 2453 Schelii,
1547 2404 1712 2456 firmata
1731 2419 1754 2442 a
1773 2405 1905 2444 Burm.
1923 2418 1971 2449 ex

266 2473 303 2496 vc»
329 2486 342 2499 .
414 2473 469 2497 me
488 2487 500 2498 .
1782 2489 1785 2493 .

304 2595 349 2635 4..
380 2589 547 2638 mqrtem
564 2582 709 2639 firre]
747 2583 844 2625 Non
880 2598 955 2640 pro
974 2591 1072 2641 per-

233 2638 360 2694 firre
375 2640 512 2698 posuit
539 2641 670 2698 igitur
698 2641 939 2695 Dolabella3
971 2657 1067 2699 pro-

247 2698 387 2755 prium
405 2700 546 2742 enim:
582 2699 646 2741 strd
675 2697 783 2742 forte
804 2715 876 2757 pro
894 2699 1065 2756 infhrre.

1150 2584 1370 2634 transsatis,
1405 2592 1478 2626 aut
1510 2584 1642 2641 tropis
1674 2583 1784 2635 aliis,
1822 2584 1888 2628 sed
1919 2599 1969 2628 ea

1150 2643 1260 2694 sunt,
1294 2657 1388 2700 quae
1422 2643 1518 2685 usus
1553 2642 1764 2684 emendate
1796 2642 1968 2699 loquen-

1149 2701 1256 2744 tium
1285 2702 1512 2757 unicuique
1545 2701 1604 2742 rei
1635 2701 1694 2742 ita
1724 2699 1968 2759 adfignavit,

249 2757 405 2799 Verum
436 2758 524 2800 haec
558 2757 726 2814 quidem
746 2757 963 2800 hariolatio
981 2760 1063 2802 est:

248 2823 299 2857 ut
318 2825 360 2858 et
387 2816 431 2858 in
458 2816 644 2873 proxime
662 2816 942 2873 sequentibus,
963 2831 1068 2874 quo·

249 2887 345 2915 rum
364 2882 456 2916 tum
475 2874 526 2916 de
545 2873 716 2916 leffione
737 2884 826 2917 tum
845 2875 898 2917 de
914 2875 1068 2932 signifi-

250 2931 413 2974 catione
444 2932 670 2990 disputatio
700 2933 858 2975 exitum
889 2935 961 2976 vix
994 2948 1068 2991 po-

246 2988 324 3031 ,test
360 2988 526 3041 habere,
562 2990 670 3032 cum*
697 3000 813 3033 extra
850 2991 990 3035 seriem
1029 3002 1070 3035 et

251 3056 489 3090 contextum
522 3048 722 3092 orationis
757 3048 837 3092 huc
871 3049 971 3092 illuc
1009 3059 1070 3092 te-

252 3117 362 3148 mere
378 3106 524 3172 vagari
541 3105 814 3160 conjeffluram
838 3107 988 3152 necess'e
1004 3107 1070 3151 slt.

315 3177 356 3218 5.
395 3164 547 3221 ptlum]
578 3164 828 3216 Reftiffime,
859 3176 908 3208 ut
943 3165 1073 3224 plera-

253 3235 336 3278 que
368 3222 648 3273 Burmannus,
678 3224 1000 3268 emendationem
1031 3225 1075 3267 in

254 3278 540 3323 Tumebianis
586 3279 833 3338 propositam
890 3283 1071 3340 recepit:

248 3336 379 3392 pilum
397 3339 525 3388 enim,
545 3337 784 3382 Romanum
805 3340 961 3391 miffile,
978 3355 1076 3383 cum

248 3395 390 3450 jaculo
417 3406 459 3439 et
483 3395 580 3439 sude
598 3395 735 3439 multo
761 3397 928 3450 melius,
949 3413 1076 3457 quain

249 3451 341 3509 pila
359 3455 565 3499 convenit.
713 3471 716 3475 ·

317 3513 362 3554 6.
377 3512 606 3569 proprietas
623 3526 701 3555 non
719 3513 781 3555 ad
794 3514 956 3568 nomen]
979 3515 1074 3558 Hoc

248 3568 366 3613 uult.
414 3570 586 3629 Propria
606 3570 674 3613 hic
704 3584 785 3615 non
812 3585 1077 3632 opponuntur

1151 2771 1199 2802 ut
1217 2758 1414 2802 facillime
1431 2772 1520 2801 earn
1540 2758 1777 2815 agnoscant,
1798 2759 1870 2815 qui
1893 2774 1969 2802 au·-

1147 2817 1286 2860 diunt.
1336 2817 1472 2860 Potest
1499 2818 1641 2873 itaque
1665 2818 1838 2860 verbum
1859 2818 1969 2861 idem

1149 2875 1222 2919 effe
1252 2876 1545 2933 improprium,
1578 2875 1622 2917 h.
1657 2890 1696 2917 e.
1733 2875 1972 2920 transsatum

1150 2943 1192 2976 et
1231 2949 1256 2977 a
1287 2935 1424 2992 prima
1456 2932 1529 2975 sua
1560 2934 1726 2976 notione
1759 2933 1974 2984 inflexum,

1149 3001 1192 3034 et
1228 3002 1366 3035 tamen
1408 2989 1634 3048 proprium,
1672 3001 1840 3049 propter
1886 2993 1974 3036 viru

1151 3050 1263 3093 suam
1285 3050 1550 3107 -fignificandi
1579 3063 1660 3091 non
1690 3051 1847 3101 minus,
1868 3051 1975 3107 quin

1151 3110 1289 3167 magis
1323 3118 1495 3159 certam,
1530 3108 1673 3157 fixam,
1709 3108 1898 3151 usitatam
1932 3118 1975 3152 et

1184 3178 1351 3225 erpetuo
1380 3181 1478 3212 cum
1507 3181 1566 3216 re,
1595 3181 1722 3222 quam
1749 3176 1883 3217 notat,
1903 3181 1974 3208 co-

1154 3183 1391 3275 ssaerentem,
1413 3239 1538 3282 quam
1557 3224 1612 3266 est
1632 3226 1763 3281 prima
1784 3224 1868 3268 illa.
1908 3226 1976 3267 Ita

1156 3283 1269 3327 calor
1286 3283 1350 3326 vel
1368 3284 1495 3326 ardor
1523 3293 1563 3325 et
1581 3283 1697 3340 cestus
1724 3284 1775 3325 de
1800 3281 1974 3326 adfeffi.

1157 3342 1239 3385 bus
1259 3343 1387 3385 animi
1407 3356 1487 3384 non
1508 3343 1643 3383 minus
1664 3341 1829 3399 proprie
1847 3356 1975 3398 quam

1158 3400 1210 3442 de
1242 3401 1351 3458 ignis
1383 3410 1423 3442 et
1462 3414 1664 3456 aquarum
1700 3410 1817 3442 motu
1856 3400 1977 3445 adhi-

1156 3458 1323 3502 bentur.
1373 3458 1475 3501 Vid.
1507 3473 1604 3501 mox
1633 3457 1663 3500 s.
1700 3473 1771 3500 11.
1803 3469 1844 3500 et
1864 3461 1908 3510 8,
1930 3460 1974 3509 6,

1158 3531 1202 3570 7⁶
1221 3578 1263 3618 8.
1312 3574 1542 3632 Augurale]
1593 3574 1873 3622 Eruditiffime
1909 3576 1978 3620 hic
