2320 4030
378 330 493 381 ‹286
777 331 852 381 M.
886 330 1095 380 FABH
1116 311 1717 380 ‚oU1NcT1L1AN1'

383 465 667 536 aliquando
706 466 967 519 concitate
1004 466 1132 530 itur,
1170 483 1458 536 numquam
1497 483 1604 517 non
1645 461 1838 585 friffide
1875 460 2097 517 reditur.

381 536 562 588 Multa
597 555 662 588 ex
698 536 780 601 iis,
807 556 928 608 quae
964 537 1320 607 praecipimuS‚
1345 535 1533 588 mutari
1570 553 1699 586 nece
1739 553 1770 588 e
1805 535 1875 586 est
1905 536 1970 586 ab
2009 535 2095 599 iis,
2118 550 2192 592 134

380 607 475 677 qui
513 607 700 659 dicunt
736 608 1207 677 apudtribunalia.
1281 608 1425 659 Nam
1458 616 1513 658 et
1553 605 1728 657 vultus
1768 606 2010 670 erectior,
2037 615 2098 656 ut

379 695 523 741 eum,
551 677 691 748 apud
717 697 874 748 quem
901 679 1112 743 dicitur,
1138 677 1366 750 speetet:
1407 687 1463 729 et
1485 677 1678 748 gestuS,
1705 685 1814 729 utm
1852 675 1918 728 ad
1943 691 2097 728 eum-

381 747 503 800 dem
537 749 782 813 tendenS,
819 749 1005 802 elatior
1040 749 1117 815 fit,
1146 747 1343 802 necesse
1368 748 1456 813 est,
1481 758 1537 800 et
1569 747 1688 813 alia,
1714 755 1870 819 quae¹¹
1907 763 2095 798 occur-

379 837 514 884 rere,
560 819 720 871 etiam
761 838 847 871 me
891 830 1121 884 tacente,
1164 819 1411 872 omnibus
1449 819 1673 890 possunt.
1748 819 1991 889 Itemque
2031 817 2101 868 ab

380 888 467 952 iis,
497 890 590 960 qui
627 889 862 942 sedentes
904 901 1075 961 agunt
1095 901 1135 942 ⁰.
1208 891 1352 942 Nam
1392 900 1447 942 et
1481 888 1590 942 fere
1629 888 1689 941 fit
1719 887 1822 941 hoc
1858 888 1913 940 in
1940 888 2098 940 rebus

377 960 711 1012 minoribus:
753 972 808 1012 et
846 960 1006 1012 iidem
1049 960 1279 1031 impetus
1317 959 1541 1014 actionis
1584 959 1684 1012 effe
1721 977 1827 1011 non
1869 959 2095 1030 possunt,

382 1041 438 1082 et
463 1031 704 1101 quaedam
733 1030 859 1082 vitia
884 1031 1017 1082 fiunt
1040 1041 1061 1073 Ρ
1100 1030 1393 1084 necessaria.
1467 1032 1612 1083 Nam
1647 1040 1701 1083 et
1734 1029 1916 1082 dexter
1940 1048 2032 1100 pes
2067 1048 2099 1082 a

378 1099 511 1153 laeva
539 1100 737 1172 judicis
778 1101 1014 1159 sedentiq
1053 1101 1395 1171 proferendus
1437 1102 1524 1166 est,
1551 1111 1606 1153 et
1647 1119 1714 1153 ex
1750 1101 1912 1152 altera
1951 1111 2098 1170 parte

379 1172 539 1223 multi
566 1174 740 1243 gestus
777 1172 976 1224 necesse
1013 1173 1086 1224 est
1122 1172 1173 1224 in
1210 1172 1457 1224 finistrum
1495 1183 1637 1236 eant,
1665 1182 1727 1224 ut
1760 1171 1826 1223 ad
1855 1170 2098 1242 judicem

378 1242 630 1312 speetent.
705 1243 969 1314 Equidem
1013 1243 1284 1314 plerosque
1327 1254 1383 1295 et
1423 1242 1490 1295 ad
1538 1242 1762 1314 singulas
1811 1242 2096 1295 sententia-

381 1331 501 1365 rum
539 1313 792 1366 clausulas
831 1314 984 1366 video
1018 1313 1338 1385 assurgentes
1374 1313 1487 1379 fibi,
1514 1325 1570 1366 et
1595 1313 1881 1365 nonnullos
1914 1313 2096 1371 subin-

380 1384 447 1436 de
489 1384 692 1455 aliquid
729 1384 888 1436 etiam
928 1385 1243 1455 spatiantes:
1295 1384 1441 1455 quod
1478 1403 1544 1436 an
1585 1384 1788 1448 deceat,
1823 1384 1910 1454 ipfi
1946 1383 2095 1436 vide-

377 1455 520 1508 rint:
568 1474 690 1507 cum
732 1455 788 1507 id
828 1454 1048 1518 faciunt,
1082 1473 1190 1524 non*
1228 1455 1465 1508 sedentes
1507 1466 1694 1528 agunt.
1766 1455 1968 1521 Bibere,
2004 1465 2097 1508 aut

379 1525 539 1579 etiam
578 1527 665 1596 ff
702 1526 839 1578 inter
877 1526 1165 1597 agendum,
1191 1526 1338 1598 quod
1372 1526 1558 1579 multis
1591 1525 1755 1579 moris
1785 1525 1910 1592 fuit,
1935 1537 1991 1579 et
2027 1528 2099 1578 est

379 1596 716 1666 quibusdam,
749 1597 815 1648 ab
860 1609 1064 1649 oratore
1110 1615 1232 1648 meo
1268 1597 1452 1667 procul
1495 1596 1642 1650 abfit.
1716 1598 1860 1650 Nam
1903 1597 1936 1648 fi
1977 1597 2098 1669 quis

379 1667 531 1720 aliter
558 1667 771 1720 dicendi
808 1686 969 1719 onera
1009 1667 1237 1738 perferre
1274 1687 1379 1720 non
1414 1667 1584 1739 poffit‚
1612 1687 1717 1720 non
1751 1669 1827 1720 ita
1851 1667 2100 1721 miserum

381 1736 451 1789 est
487 1755 592 1790 non
631 1743 808 1808 agere,
834 1739 1109 1808 potiusque
1131 1749 1146 1770 ¹
1184 1738 1376 1804 mult0,
1401 1757 1562 1810 quam
1603 1748 1658 1791 et
1695 1739 1866 1810 operis
1905 1751 1960 1792 et
1995 1739 2097 1791 ho-

378 1808 588 1860 minum
626 1820 959 1861 contemtum
997 1808 1166 1861 fateri.
1244 1810 1420 1862 Cultus
1455 1827 1562 1861 non
1599 1810 1668 1862 est
1702 1808 1941 1880 ‘proprius
1977 1828 2095 1863 ora-

379 1880 509 1931 toris
546 1879 758 1950 aliquiS‚
804 1879 891 1930 sed
931 1880 1102 1951 magis
1144 1879 1200 1932 in
1239 1890 1478 1933 oratore-⁰·
1509 1880 1843 1950 conspicitur.
1918 1881 2097 1935 Quare

380 1951 460 2015 fit,
496 1961 557 2003 ut
592 1951 646 2001 in
686 1950 937 2002 omnibus
974 1950 1201 2003 honestis
1239 1951 1400 2004 debet
1441 1950 1559 2017 effe,
1587 1951 1892 2021 splendidus
1925 1963 1982 2005 et
2019 1953 2098 2005 vi-

379 2020 510 2073 rilis,
584 2022 730 2073 Nam
770 2031 825 2072 et
865 2031 1012 2092 toga,
1053 2033 1108 2074 et
1147 2021 1375 2087 calceuS,
1410 2032 1468 2074 et
1505 2021 1744 2092 capilluS,
1785 2034 1892 2075 tam
1938 2023 2099 2076 nimia

381 2109 526 2155 cura,
556 2110 715 2163 quam
745 2090 1090 2163 negligentia,
1117 2091 1236 2144 sunt
1271 2092 1716 2163 reprehendenda.
1789 2095 1873 2145 Est
1897 2094 2100 2165 aliquid

379 2162 436 2214 in
486 2163 704 2226 ami&u,
749 2162 897 2234 quod
934 2163 1104 2234 ipsum
1148 2163 1512 2234 aliquatenust
1564 2174 1866 2235 temporum
1908 2164 2096 2218 condi-

380 2234 527 2286 tione
554 2243 817 2286 mutatum
846 2234 934 2284 est.
1009 2233 1151 2286 Nam
1177 2235 1444 2287 veteribus
1475 2234 1609 2287 nulli
1633 2235 1804 2289 finus:
1842 2254 2096 2308 perquam

378 2303 562 2357 breves
587 2304 698 2372 post
723 2304 844 2356 illos
881 2303 1110 2357 fuerunt.
1186 2305 1375 2376 Itaque
1410 2305 1570 2358 etiam
1606 2307 1754 2378 gestu
1790 2309 1991 2360 necefle
2027 2309 2098 2360 est

380 2374 498 2427 usos
535 2375 634 2450 effe
668 2375 723 2428 in
761 2374 1035 2447 principiis
1060 2393 1152 2429 eos
1190 2376 1295 2429 alio
1312 2385 1352 2442 ¹¹,
1378 2394 1608 2449 quorum
1647 2377 1943 2444 brachium,
1970 2379 2101 2433 ficut

436 2566 467 2586 π’
499 2575 567 2599 om.
589 2561 638 2600 G.
749 2565 767 2584 ⁰
799 2572 958 2612 quoque
969 2560 1081 2599 Jens.
1189 2564 1210 2586 ⁰
1240 2569 1358 2612 agent
1377 2561 1429 2600 G.
1447 2562 1552 2600 Jens.
1663 2567 1684 2596 Ρ
1709 2563 1799 2603 sunt
1818 2565 1869 2604 G.
1994 2571 2011 2598 ἢ
2044 2567 2100 2605 se-

381 2613 519 2655 dentes
539 2615 589 2655 G.
609 2614 713 2658 Jens.
839 2622 856 2644 1'
881 2616 935 2653 est
954 2615 1020 2666 itgfi
1037 2614 1144 2653 Jens.
1274 2626 1285 2643 ³⁴
1314 2616 1380 2654 Sic
1399 2616 1450 2656 G.
1471 2615 1579 2656 Bodl.
1603 2616 1692 2656 Obr.
1714 2627 1750 2655 et
1760 2618 1863 2668 plur.
1885 2627 1946 2670 ap.
1967 2621 2097 2659 Burm.

383 2668 431 2706 it.
449 2668 534 2720 Ast.
559 2678 672 2719 1519.
687 2668 732 2719 f.
756 2667 875 2718 Lugd.
906 2670 1023 2718 1538.
1045 2670 1082 2707 8.
1102 2677 1137 2705 et
1160 2667 1291 2720 Bqfill.
1321 2682 1434 2708 mora
1449 2671 1554 2709 Jens.
1583 2671 1625 2709 in
1643 2682 1710 2709 ora
1729 2672 1797 2710 vel
1819 2674 1862 2711 in
1881 2685 1946 2712 ore
1964 2674 2016 2713 al.
2035 2683 2098 2724 ap.

383 2722 516 2767 Burm.
547 2734 655 2760 more
675 2722 763 2759 editi
778 2722 878 2771 plur.
901 2731 936 2759 et
955 2723 1085 2759 Bur-m.
1116 2722 1158 2760 in
1180 2723 1278 2761 hora
1305 2724 1396 2774 conj.
1415 2722 1535 2763 Salm.
1556 2725 1634 2764 Ex.
1655 2724 1757 2764 Plin.
1777 2739 1816 2776 p.
1838 2739 1928 2775 232.
1950 2729 1995 2766 E.
2027 2729 2101 2768 Or.

383 2775 642 2867 tzfiivegfta}
655 2789 700 2813 ex
717 2775 917 2826 compendio
921 2775 1121 2828 firibendi.
1272 2778 1287 2808 ί
1314 2777 1449 2828 aliqua
1464 2778 1572 2817 Jens.
1719 2785 1738 2804 ⁸²
1770 2780 1995 2831 aliquorum
2013 2781 2102 2821 bra·

385 2840 408 2867 c
441 2840 527 2867 ium
570 2842 619 2868 en
639 2855 651 2867 .

385 2981 510 3023 nimis
545 2981 587 3023 in
621 2980 705 3038 post
738 2979 912 3023 sedentes
940 2979 1106 3038 possent,
1136 2980 1201 3023 vel
1282 2981 1462 3039 angustae
1507 2991 1637 3041 togae,
1679 2983 1794 3040 quod
1839 2984 2101 3028 continebant

384 3039 585 3095 impulsus
615 3054 661 3081 ac
689 3038 876 3081 detrusus
904 3039 1055 3094 aliquis
1077 3039 1201 3081 altius
1282 3040 1500 3083 brachium
1518 3053 1658 3087 utrum
1690 3057 1755 3084 ue.

385 3097 610 3139 sedentium
658 3111 730 3155 per
776 3098 912 3154 capita
964 3096 1202 3139 inferiorum
1346 3102 1445 3151 138.
1474 3113 1640 3155 quorum
1662 3057 2099 3145 Zrachium-contine-

385 3155 651 3212 praecipitari.
701 3156 838 3197 Locus
863 3153 1047 3196 clafficus
1066 3154 1120 3196 est
1140 3155 1201 3195 O·
1282 3152 1425 3209 batur]
1458 3157 1555 3198 Cic.
1591 3172 1665 3214 pro
1700 3157 1768 3199 M.
1805 3159 1942 3201 Coelio
1975 3175 2011 3202 c.
2055 3174 2094 3214 5.

387 3213 475 3254 vid.
498 3214 604 3254 Am.
631 3228 671 3265 3,
693 3228 735 3261 2,
761 3228 827 3267 19,
850 3212 923 3254 ubi
944 3212 1118 3268 cupidus
1133 3212 1202 3265 ju-
1284 3211 1408 3255 Nobis
1427 3213 1585 3278 quidem
1614 3214 1705 3256 olim
1731 3229 1862 3258 annus
1889 3225 1980 3259 erat
1997 3231 2100 3260 unus

386 3272 499 3313 venis
520 3270 569 3311 ad
597 3269 772 3326 puellam
802 3271 980 3311 vicinam
1008 3270 1049 3312 in
1069 3269 1202 3325 gradu
1283 3271 1342 3311 ad
1356 3269 1608 3314 cohzbendum
1626 3271 1833 3316 brachium
1851 3281 1943 3330 toga
1962 3289 2031 3318 con
2063 3275 2101 3318 i-

387 3329 506 3378 circi,
528 3327 643 3385 Qid
651 3327 816 3384 frustra
834 3327 988 3383 refugis
1005 3327 1203 3377 osculum,
1283 3334 1409 3369 tutus.
1452 3330 1662 3386 Loquitur
1679 3330 1729 3371 de
1747 3332 1882 3388 primo
1901 3335 1943 3375 in
1963 3331 2100 3376 forum

388 3396 462 3427 aut
494 3401 678 3435 manum,
705 3386 806 3442 cogit
837 3399 905 3427 nos
936 3384 1042 3427 linea
1064 3384 1203 3441 jungi,
1285 3385 1421 3427 aditu.
1444 3387 1536 3428 Sen.
1553 3389 1658 3430 Exc.
1681 3388 1828 3430 Contr.
1854 3402 1895 3443 5,
1918 3391 1961 3432 6.
1983 3392 2105 3447 Apud

388 3458 472 3499 qua
492 3444 733 3500 impediente
753 3443 900 3486 frustra
919 3443 1150 3494 reficeretis,
1164 3453 1205 3486 et
1277 3450 1422 3499 patres
1446 3445 1590 3502 nqstros
1617 3444 1686 3502 qui
1700 3445 1879 3500 forensta
1899 3445 2103 3504 stipendia

387 3501 612 3547 reclinaris,
1284 3501 1608 3557 auspicabantur,
1627 3502 1745 3556 nefas
1755 3504 1981 3559 putabatur
2003 3505 2096 3550 bra-

450 3574 466 3600 1
478 3573 544 3612 37.
575 3558 787 3601 veteribus
804 3557 903 3602 nulli
910 3557 1047 3614 finus]
1079 3557 1206 3617 Qod
1284 3558 1416 3603 chium
1432 3567 1558 3604 extra
1576 3569 1709 3618 togam
1726 3563 1926 3620 exserere.

2122 1039 2191 1082 ¹35

2123 1459 2193 1507 136

2122 1890 2195 1931 ¹37

2122 2307 2191 2356 138
