2320 4030
344 339 411 404 98
736 337 815 389 Μ.
848 319 1059 386 rA'ssu
1095 331 1688 383 QUINCTILIANI

351 481 517 537 mata,
548 469 638 526 sed
674 470 943 526 faciebant
984 469 1094 526 illis
1133 470 1317 525 locum
1353 469 1540 534 etiam,
1577 468 1675 522 ubi
1696 473 1717 503 ‘¹
1757 466 1976 521 inutiles
2005 471 2074 521 'ae

350 543 564 599 nefariae
587 542 785 597 effent:
825 552 924 597 ute
963 542 996 595 fi
1035 543 1202 614 pater,
1227 541 1325 612 qui
1360 539 1613 593 infamem
1650 539 1705 591 in
1743 550 1970 592 matrem
2010 538 2072 590 fi-

347 614 487 669 lium
511 616 711 670 secreto
734 613 1023 679 occidifl‘et,
1047 631 1169 666 reus
1193 613 1353 666 malae
1376 611 1726 675 tra&ationiS,
1747 608 2076 684 jacularetur

349 685 407 741 in
433 704 658 742 uxorem
681 685 918 756 obliquis
941 684 1234 738 sententiiS.
1282 685 1430 737 Nam
1453 682 1584 754 quid
1606 680 1888 753 impuriuS,
1913 698 2073 752 quam
2098 679 2167 732 80

348 757 617 812 retinuiss'e
663 757 867 811 talem?
935 755 1086 810 Quid
1143 773 1301 828 porro
1357 765 1470 807 tam
1516 752 1862 818 contrarium,
1909 769 2075 823 quam

349 847 478 884 oum
498 829 536 895 f,
569 828 663 911 qui
702 827 995 891 accusetur,
1021 827 1150 899 quia
1185 826 1453 879 summum
1493 823 1639 878 nefas
1681 823 1968 895 suspicatus
2006 822 2077 876 de

348 917 515 954 uxore
553 899 814 964 videatur,
844 898 1158 952 confirmare
1199 898 1257 950 id
1296 897 1403 967 ipsa
1442 895 1766 960 defensione,
1798 894 1947 966 quod
1989 893 2074 947 di-

346 970 606 1024 luendum
635 969 749 1022 est?
791 969 887 1034 At,
913 969 948 1020 fi
985 967 1237 1039 judicum
1273 968 1542 1021 sumerent
1575 966 1837 1032 animum,
1864 965 2074 1031 scirent,

349 1061 515 1115 quam
551 1039 808 1111 ejusmodi
848 1039 1115 1094 aetionem
1150 1038 1308 1092 laturi
1350 1057 1458 1091 non
1495 1037 1742 1091 fuissent:
1791 1036 2077 1107 multoque

347 1111 512 1167 otiam
538 1111 736 1176 minue,
763 1130 890 1164 cum
927 1110 983 1163 in
1018 1120 1263 1183 parentes
1298 1109 1652 1163 abominanda
1685 1107 1912 1161 erimina
1933 1108 2074 1179 spar-

389 1193 621 1237 erentur.
696 1184 770 1236 Et
793 1191 1056 1255 quatenus
1080 1181 1193 1235 huo
1229 1180 1539 1246 incidimuS‚
1563 1179 1745 1251 paullo
1773 1178 1896 1250 plus
1916 1177 2074 1233 scho·
2097 1177 2162 1231 81

373 1272 418 1308 is
457 1254 665 1308 demus,
738 1255 884 1308 Nam
920 1263 978 1306 et
1016 1250 1071 1306 in
1110 1252 1197 1306 his
1234 1253 1494 1306 educatur
1527 1261 1738 1304 orator:
1781 1261 1838 1303 et
1878 1266 1950 1303 1N
1987 1266 2075 1318 eo,

349 1343 462 1397 quo
484 1324 650 1379 modo
685 1324 1032 1391 declametur,
1057 1325 1282 1396 potitum
1310 1325 1380 1376 est
1403 1323 1587 1389 etiam,
1612 1339 1724 1392 quo
1757 1321 1922 1375 modo
1944 1338 2075 1393 aga-

349 1406 456 1450 tur.
531 1396 838 1451 Dicendum
861 1414 994 1468 ergo
1018 1394 1088 1448 de
1119 1394 1184 1450 iis
1207 1413 1446 1467 quoque,
1474 1394 1530 1446 in
1556 1394 1753 1464 quibus
1779 1411 1889 1446 non
1925 1393 2076 1464 aspe-

347 1485 432 1521 ras
471 1468 688 1541 figuraS,
716 1466 804 1521 sed
842 1466 1015 1538 palam
1033 1476 1054 1507 g
1097 1465 1385 1520 contrarias
1425 1466 1608 1519 eauffae
1646 1463 1888 1537 plerique
1927 1463 2075 1517 fece-

347 1548 493 1593 runt.
570 1539 873 1608 Tyrannidis
915 1539 1170 1611 affectatae
1209 1538 1479 1590 damnatus
1519 1547 1596 1589 tor
1629 1545 1828 1601 ueatur,
1868 1544 1928 1588 ut
1961 1555 2076 1588 con-

330 1610 466 1682 scios
501 1610 714 1663 indicet:
752 1610 1002 1682 accusator
1043 1611 1144 1683 ejus
1184 1618 1330 1682 optet,
1355 1609 1491 1680 quod
1520 1555 1674 1662 volit.
1746 1608 1952 1661 Patrem
1989 1604 2079 1680 qui

348 1682 624 1753 accusavit,
649 1691 805 1762 optat,
830 1700 891 1734 ne
915 1681 957 1734 is
981 1691 1269 1753 torqueatur
1287 1702 1306 1734 .-
1340 1690 1485 1752 pater
1508 1679 1551 1732 ei
1576 1678 1884 1732 contradicit.
1957 1678 2075 1732 Ne·
2099 1678 2166 1733 82

347 1770 442 1806 mo
465 1753 516 1806 se
541 1762 717 1806 tenuit
739 1770 904 1824 agens
929 1770 1025 1824 pro
1049 1762 1219 1822 patre,
1245 1751 1376 1824 quin
1403 1751 1599 1823 figuras
1631 1750 1687 1803 in
1724 1749 1895 1803 filium
1931 1748 2080 1803 face-

346 1833 449 1890 ret,
474 1833 747 1895 tamquam
772 1823 927 1876 illum
951 1823 1223 1876 conscium
1248 1834 1399 1894 pater
1423 1823 1478 1875 in
1502 1820 1784 1876 tormentis
1818 1820 1945 1876 effet
1974 1839 2077 1874 no-

347 1894 670 1950 minaturuS.
745 1895 874 1949 Quo
898 1894 1030 1967 quid
1056 1894 1301 1949 stultius?
1344 1894 1490 1948 Nam
1527 1910 1654 1947 cum
1691 1892 1838 1947 hot-¹¹
1862 1889 2079 1966 judices
2169 1904 2177 1914 ’

347 1964 729 2032 intellexerint,
768 1976 862 2020 aut
888 1985 1011 2019 non
1051 1965 1409 2038 torquebitur,
1459 1984 1594 2027 cum,
1634 1963 1788 2020 ideo²
1835 1963 2107 2036 torqueri*

347 2037 511 2092 velit:
549 2048 644 2092 aut
678 2048 824 2092 torto
868 2056 976 2091 non
1015 2037 1278 2092 credetur.
1352 2039 1435 2091 At
1475 2035 1707 2103 eredibile
1747 2034 1830 2108 est,
1857 2036 1944 2089 hoc
1967 2054 2075 2090 eum
2098 2035 2163 2108 83

1341 2239 1357 2259 ²
1381 2225 1451 2273 orn'.
1473 2236 1524 2274 G.
1552 2243 1600 2275 ut
1617 2234 1650 2275 is
1669 2234 1722 2275 G.
1739 2224 1848 2276 lens.
1929 2232 2076 2275 fenim

375 2262 380 2268 -
399 2233 418 2258 ‘¹
443 2235 617 2285 personae
635 2235 701 2289 inst
721 2235 825 2275 editt.
846 2251 869 2274 α
890 2234 1002 2288 Regio
1021 2228 1259 2287 inde*plures.
1307 2286 1316 2293 .

1307 2294 1317 2314 ¹
1349 2291 1522 2328 omnino
1539 2291 1592 2329 G.

345 2288 451 2335 Jens.
559 2295 580 2326 ss
612 2303 755 2342 parum
771 2291 878 2330 Jens.
987 2291 1006 2316 *¹
1039 2291 1127 2330 haec
1144 2290 1197 2330 G.

411 2466 483 2507 79.
503 2450 572 2494 ubi
589 2450 751 2495 inutiles
767 2465 819 2494 ac
832 2451 1010 2508 nesariae
1029 2450 1166 2508 effint]
1253 2450 1384 2494 nostro
1410 2449 1584 2494 Rustico
1612 2451 1656 2494 h.
1687 2466 1731 2495 v.
1779 2452 1924 2510 Longe
1953 2451 2075 2510 plura

350 2509 538 2566 Personae
567 2509 687 2560 illud,
707 2510 818 2568 quod
847 2510 993 2568 Regii,
1012 2511 1170 2568 optime
1251 2510 1414 2552 dabunt
1451 2523 1557 2566 quos
1594 2510 1654 2552 ibi
1697 2509 1957 2553 laudavimus
1992 2511 2075 2553 viri

347 2566 505 2623 alioqui
525 2568 575 2611 de
605 2569 738 2611 Fabio
767 2569 922 2619 meriti,
942 2568 1170 2619 auctoritas

349 2626 652 2669 commendavit
678 2626 867 2683 reliquis,
894 2641 977 2669 non
1005 2635 1170 2669 tantum

348 2683 459 2725 abest
492 2698 517 2725 a
549 2683 668 2727 libris
701 2685 889 2743 optimis,
921 2699 1003 2727 non
1040 2684 1170 2727 solum

348 2741 609 2784 necessarium
639 2757 721 2785 non
748 2742 818 2794 est,
838 2743 904 2785 sed
933 2743 1051 2801 plane
1070 2742 1172 2786 alie-

350 2813 469 2841 num.
515 2799 739 2854 Adjefflva
756 2800 917 2854 inutiles
936 2811 976 2844 et
993 2800 1172 2855 uffariae

348 2855 582 2901 referuntur
610 2858 663 2901 ad
691 2858 962 2917 synonymum
991 2859 1172 2902 nominis

338 2912 567 2972 schemata,
599 2916 644 2959 ha
680 2931 719 2959 e.
760 2917 813 2959 ad
873 2930 1025 2973 guras.
1089 2918 1171 2960 Hae

349 2974 462 3017 enim
505 2971 689 3032 profee‘to
726 2973 832 3017 inuti
847 2989 888 3017 es
925 2984 967 3018 et
999 2974 1173 3030 nefariae

350 3028 443 3074 sunt
477 3032 519 3074 in
547 3031 774 3088 speciebus,
793 3047 898 3090 quas
936 3033 1070 3075 statim
1098 3046 1169 3074 ex-

350 3089 476 3148 empli
505 3089 638 3133 caussa
666 3089 846 3144 subjicit.
898 3092 1047 3148 Neque
1074 3105 1171 3133 vero

349 3148 552 3193 offendere
590 3147 770 3205 aliquem
807 3147 930 3191 debet
969 3148 1072 3191 istud
1109 3148 1169 3190 lo-

347 3206 504 3263 quendi
535 3219 682 3264 genus,
712 3221 809 3249 cum
837 3221 919 3249 non
953 3206 1006 3249 ad
1038 3206 1170 3263 ipsum

351 3263 520 3322 aliquod
537 3264 728 3315 verbum,
749 3261 813 3307 sed
843 3264 896 3307 ad
918 3263 1029 3307 illius
1050 3265 1170 3321 syno-

351 3337 522 3379 nymum
543 3321 714 3364 refertur
733 3322 889 3364 oratio:
924 3337 1047 3380 quarn
1071 3325 1165 3379 Syn·

350 3380 427 3431 estn
459 3379 655 3436 exemplis
688 3379 870 3437 aliquam
883 3425 885 3427 ,
899 3383 1043 3423 multis
1062 3383 1171 3439 uV'ar-

352 3440 461 3480 ronis
482 3449 522 3479 et
543 3436 785 3480 columellae
813 3438 978 3482 duobus
998 3438 1171 3481 illustra-

351 3504 435 3539 tam
470 3496 605 3539 vidcie
638 3496 765 3556 potest
793 3496 916 3541 leftor
943 3499 988 3540 in
1015 3498 1172 3541 Lexico

1250 2568 1381 2619 eloai,
1402 2568 1558 2626 quibus
1579 2569 1723 2612 addere
1736 2568 1824 2622 jam
1841 2568 1938 2612 licet
1958 2569 2082 2612 Lon-³

1251 2627 1414 2684 golium
1442 2626 1495 2668 ad
1524 2626 1637 2670 Plin.
1669 2627 1803 2685 Epist.
1839 2640 1910 2678 10,
1931 2642 2004 2682 99,
2029 2642 2070 2671 1.

1254 2687 1352 2728 Uno
1382 2685 1450 2727 hic
1479 2684 1664 2744 exemplo
1692 2685 1875 2728 contenti
1901 2686 2072 2736 erimus,

1253 2744 1296 2786 in
1326 2743 1440 2800 quod
1468 2742 1575 2787 forte
1601 2743 1726 2786 modo
1754 2743 1996 2793 incidimus,
2022 2758 2074 2786 ex

1252 2802 1340 2860 ipso
1357 2802 1562 2860 principio
1580 2801 1815 2845 Paradoxon
1842 2800 2074 2853 Ciceronis,

1253 2859 1616 2903 Animadverti-
1627 2862 1820 2903 Catonem
1833 2882 1893 2893 —
1907 2871 1971 2903 Lo
1978 2871 2004 2903 c
2012 2871 2042 2903 o
2051 2873 2070 2903 s

1256 2930 1456 2961 GRAvEs
1496 2933 1551 2961 ex
1585 2916 1830 2983 philosophia
1866 2919 2074 2968 trallae-e,

1253 2975 1515 3019 abhorrentes
1525 2977 1663 3036 -flvd
1694 2975 1857 3019 dzcendo
1896 2974 2076 3034 consequi

1251 3042 1402 3085 tamen,
1436 3042 1481 3076 ut
1513 3048 1633 3078 ILLA
1661 3034 1788 3077 etiam
1807 3031 1953 3091 populo
1973 3034 2074 3092 pross

1251 3090 1407 3134 habilia
1424 3091 1688 3135 viderentur,
1986 3127 1993 3142 ,

1314 3166 1386 3204 79.
1416 3148 1612 3206 infamem
1639 3150 1683 3192 in
1701 3148 1899 3203 matrem]
1932 3149 2072 3193 Trac-

1252 3217 1366 3251 tatur
1403 3207 1490 3251 haec
1524 3209 1672 3265 species
1703 3209 1746 3250 in
1778 3207 2075 3251 declamatione

1258 3270 1308 3307 18
1332 3275 1371 3307 et
1396 3282 1465 3321 19,
1485 3281 1580 3322 quae
1599 3267 1733 3309 Fabio
1752 3266 2012 3309 tribuuntur.

1315 3328 1386 3365 81.
1419 3326 1469 3365 de
1496 3323 1548 3367 iis
1602 3324 1748 3383 uoque]
1781 3324 1896 3367 Puto
1922 3323 2075 3368 intelli-

1254 3383 1436 3437 gendum
1470 3382 1546 3440 fib
1568 3339 1646 3431 pis,-
1698 3381 1771 3426 nifi
1811 3380 1907 3441 quis
1955 3381 2076 3426 malit

1252 3440 1389 3493 cmgffis
1396 3471 1407 3490 ,.
