2320 4030
686 321 968 373 INSTIT.
1005 319 1342 370 ORATOR.
1378 320 1515 367 ΜΒ..
1549 291 1639 367 itt.
1675 334 1723 380 3.
1962 332 2056 387 259

1124 457 1188 508 In
1224 455 1327 508 boc
1350 454 1517 527 igitur
1540 473 1646 506 non
1673 453 2059 507 contumaciter

326 456 418 511 ubi
447 466 632 511 natura
662 476 789 511 cura
807 457 1048 529 juvetur.

1545 526 1692 577 Nam
1735 535 1879 576 certe
1917 526 2054 578 bene

239 540 306 582 12
328 528 621 593 consentio,
666 529 860 600 primas
901 540 1073 600 partes
1110 527 1210 580 effe
1251 537 1471 579 naturae.

325 600 667 680 pronuntiare
706 618 814 652 non
840 599 1051 670 poterit,
1077 599 1164 651 cui
1201 607 1293 651 aut
1329 597 1383 650 in
1421 595 1619 667 scriptis
1655 595 1928 660 memoria,
1957 608 2049 648 aut

323 688 381 722 m
419 670 505 734 iis,
533 689 653 741 quae
696 670 870 723 subito
906 670 1130 723 dicenda
1159 678 1333 732 erunt,
1359 667 1583 719 facilitas
1617 677 1825 738 promta
1859 665 2044 719 defue-

323 740 426 792 rit:
491 759 590 793 nec
640 741 672 792 fi
723 739 1136 793 inemendabilia
1183 739 1288 792 oris
1348 737 1690 790 incommoda
1741 737 2042 789 obstabunt.

325 811 574 882 Corporis
599 811 758 864 etiam
785 812 949 883 potest
974 811 1074 863 effe
1100 810 1275 882 aliqua
1298 805 1444 861 tanta
1471 801 1798 871 deformitaS,
1822 817 1884 859 ut
1921 807 2042 859 nul-

235 895 296 949 13
321 880 373 934 la
396 888 506 934 arte
530 881 790 934 vincatur.
865 881 969 935 Sed
995 900 1061 934 ne
1088 900 1188 934 vox
1219 879 1457 950 quidem,
1485 878 1575 930 nifi
1602 877 1850 942 liberaliS,
1876 877 2059 930 aetio-¹

320 970 444 1004 nem
469 952 666 1005 habere
689 953 943 1023 optimam
971 953 1158 1024 potest.
1233 953 1382 1003 Bona
1406 950 1549 1002 enim
1577 949 1831 1020 firmaque
1857 958 1919 1001 ut
1943 967 2042 1001 vo-

318 1022 500 1075 lumus
524 1033 540 1056 ⁸
570 1023 657 1076 uti
694 1023 856 1077 licet:
897 1024 1035 1076 mala
1058 1022 1141 1075 vel
1160 1029 1177 1079 ,ῑ
1215 1020 1485 1074 imbecilla
1517 1030 1574 1072 et
1605 1018 1814 1071 inhibet
1848 1019 2040 1086 multa,

317 1104 382 1146 ut
405 1093 674 1166 irgsurgere,
699 1094 976 1147 exclamare
995 1115 1010 1159 3
1050 1104 1105 1146 et
1140 1093 1317 1164 aliqua
1341 1091 1509 1163 cogit,
1535 1101 1598 1143 ut
1614 1089 1923 1160 submittere,
1951 1091 2040 1142 de-

299 1162 526 1235 flectere,
555 1175 609 1217 et
632 1165 763 1217 rasas
785 1176 803 1197 ¹³
842 1165 1023 1218 fauces
1050 1183 1111 1216 ac
1134 1163 1276 1217 latus·
1296 1163 1580 1234 fatigatum
1617 1159 1841 1213 deformi
1867 1158 2042 1214 canti4

319 1253 386 1288 co
431 1235 665 1288 reficere.
740 1236 842 1288 Sed
888 1253 986 1288 nos
1030 1235 1096 1287 de
1140 1252 1205 1287 eo
1248 1251 1393 1286 nunc
1433 1232 1705 1303 loquimur
1721 1239 1765 1296 Χ,
1806 1232 1892 1284 cui
1931 1250 2039 1285 non

230 1320 298 1372 14
318 1302 500 1359 flustra
533 1306 855 1378 praecipitur.
931 1307 1076 1359 Cum
1106 1305 1167 1357 fit
1203 1315 1381 1357 autem
1416 1303 1590 1355 omnis
1623 1302 1780 1367 ειᾶὶὶο,
1810 1313 1872 1354 ut
1906 1302 2038 1368 dixi,

315 1375 373 1429 in
397 1377 528 1430 duas
553 1377 715 1429 divisa
739 1387 928 1447 parteS,
954 1396 1136 1442 vocem,
1159 1374 1456 1447 gestumque,
1484 1391 1713 1446 quorum
1750 1372 1882 1425 alter
1906 1374 2038 1426 ocu-2

313 1445 417 1512 los,
457 1447 621 1500 altera
659 1466 808 1500 aures
844 1458 1042 1513 movet,
1070 1465 1164 1518 per
1199 1465 1334 1517 quos
1373 1445 1509 1498 duos
1550 1443 1721 1496 sensus
1758 1444 1932 1496 omnis
1971 1443 2041 1496 ad.

315 1518 556 1571 animum
599 1528 839 1589 penetrat
874 1518 1113 1584 affectus,
1156 1518 1300 1588 prius
1341 1517 1412 1568 est
1456 1517 1516 1567 de
1554 1517 1668 1568 voce
1709 1513 1904 1579 dicere,
1947 1515 2039 1568 cui

313 1589 475 1642 etiam
508 1590 670 1661 gestus
703 1588 1157 1642 accommodatur.
1234 1589 1295 1639 In
1336 1605 1398 1639 ea
1431 1585 1600 1657 prima
1632 1585 1922 1638 observatio
1946 1586 2038 1651 est,

314 1661 509 1731 qualem
551 1661 733 1712 habeas
755 1680 773 1711 .·
824 1659 1072 1725 secunda,
1119 1659 1349 1731 quomodo
1390 1657 1570 1710 utaris.
1644 1657 1854 1709 Natura
1890 1657 2039 1709 vocis

227 1745 291 1801 15
315 1730 573 1802 spectatur
618 1732 897 1803 quantitate
944 1741 1001 1784 et
1048 1729 1310 1802 qualitate.
1389 1728 1654 1782 Quantitas
1681 1725 1704 1758 ²
1754 1727 1842 1780 fim
1882 1728 2038 1780 licior

314 1803 460 1869 est²z
499 1802 554 1854 in
594 1802 835 1854 summab
861 1802 1005 1854 enim
1037 1801 1254 1872 grandis
1291 1809 1384 1852 aut
1420 1800 1605 1870 exigua
1631 1798 1748 1850 esti
1773 1798 1823 1851 se
1899 1798 2040 1852 inter

314 1873 410 1925 has
444 1872 802 1926 extremitates
839 1871 1033 1928 mediae
1066 1873 1186 1925 sunt
1223 1870 1439 1943 specieS,
1468 1881 1524 1923 et
1557 1869 1624 1922 ab
1657 1869 1766 1922 ima
1800 1869 2035 1922 adsum-

313 1962 478 2009 mam,
503 1961 565 1996 ac
589 1954 749 2008 retr0‚
775 1942 935 1996 multi
966 1943 1088 1995 sunt
1107 1941 1337 2014 gradus.
1418 1939 1653 2012 Qualitas
1687 1939 1860 2013 magis
1895 1941 2039 1994 varia.

313 2015 404 2080 est,
430 2033 552 2066 nam
578 2015 649 2066 est
673 2024 730 2067 et
752 2014 990 2078 candida,
1017 2025 1071 2066 et
1077 2013 1254 2084 fusca,
1274 2021 1331 2065 et
1347 2011 1518 2084 plena,
1545 2021 1600 2063 et
1624 2011 1785 2077 exilis,
1811 2021 1866 2064 et
1892 2011 2034 2077 leniat,

313 2095 371 2138 et
410 2086 603 2158 aſjwera,
646 2095 702 2138 et
741 2091 1009 2151 contracta,
1050 2095 1106 2137 et
1125 2083 1278 2156 fitsa,
1317 2094 1373 2136 et
1410 2083 1560 2148 dura,
1600 2093 1656 2134 et
1674 2081 1943 2154 flexibilis,
1975 2092 2039 2135 ‘et

1158 2271 1189 2291 '¹‘
1211 2277 1349 2306 raucas
1367 2265 1472 2304 Jens.
1501 2264 1628 2303 rausas
1648 2265 1736 2318 conj.
1761 2265 1945 2306 Gallaeus.
1970 2279 2035 2319 ¹ra-

1339 2325 1356 2344 2
1388 2321 1500 2358 enim
1519 2319 1586 2372 ins:
1603 2320 1710 2359 Jens.
1842 2327 1860 2346 ¹
1890 2335 1959 2361 om.
1979 2321 2033 2360 G.

365 2277 383 2301 ⁸
407 2267 611 2307 voluimus
627 2268 734 2307 Jens.
860 2268 875 2292 ²
906 2275 945 2306 et
965 2268 1016 2307 G.

311 2333 383 2362 vas
400 2324 493 2375 conj.
510 2323 642 2360 Burm-
729 2342 734 2345 .
753 2326 772 2346 ²
801 2319 1019 2372 loquamur
1036 2320 1088 2360 G.
1104 2319 1212 2360 Jens.
1242 2367 1246 2370 ¹

311 2377 419 2416 Jens.
502 2379 506 2383 '
528 2375 546 2400 δ
578 2375 783 2415 summam
802 2376 854 2415 G.
1222 2395 1225 2397 ·

376 2539 394 2566 1
407 2538 447 2577 3.
489 2525 609 2582 rasas
627 2521 1013 2580 fauces—cantico]
1058 2520 1132 2565 In·
1199 2522 1364 2578 facere,
1385 2537 1461 2565 non
1478 2517 1594 2564 illam
1619 2524 1698 2579 per
1711 2523 1882 2579 gradus
1905 2520 2033 2580 paul-

313 2582 496 2638 telligere
527 2581 646 2639 poffis
679 2583 799 2640 rasas
826 2581 870 2623 h.
892 2597 931 2622 e.
967 2591 1134 2623 conten·
1211 2581 1331 2623 latim
1350 2581 1403 2622 ab
1421 2580 1500 2623 imo
1517 2582 1635 2638 ufiJue
1652 2582 1713 2623 ad
1713 2579 1918 2639 stammam
1930 2590 2030 2638 per-

311 2641 424 2683 tione
442 2640 730 2683 vehementiori
750 2638 976 2698 perstric'tas
997 2648 1037 2680 et
1057 2653 1130 2681 cu·
1211 2640 1371 2688 ducere,
1403 2653 1480 2680 non
1516 2640 1655 2697 rurfits
1685 2653 1715 2680 a
1739 2639 1907 2697 stimma
1938 2653 2030 2682 con-

312 2697 443 2740 ticula
473 2697 586 2756 quasi
619 2697 689 2739 sua
721 2698 919 2754 privatas.
969 2697 1129 2739 Recur·
1210 2697 1382 2739 tentione
1403 2695 1579 2752 paribus
1607 2696 1848 2739 intervallis
1874 2698 2030 2756 descen-

311 2766 409 2798 runt
429 2755 459 2798 s.
483 2770 556 2806 20,
575 2764 616 2798 et
638 2755 838 2797 audacius
856 2754 980 2797 etiam
1002 2754 1130 2797 noster

316 2828 357 2868 3,
398 2829 439 2864 1,
477 2829 519 2868 3,
552 2827 783 2856 ne—aures
812 2820 899 2854 tam
935 2811 1129 2855 delicatas

311 2871 494 2924 raderet.
546 2871 621 2914 Sed
659 2869 759 2925 rasts
781 2869 979 2924 saucibus
1013 2869 1125 2912 filen-

312 2932 420 2974 tium
458 2929 599 2988 potius
631 2937 674 2971 et
705 2927 932 2970 sorbillatio
962 2927 1027 2970 vel
1061 2941 1127 2970 ec-

312 2984 448 3045 legma
492 2986 702 3044 quoddam
749 2985 869 3028 dulce
910 2984 1127 3044 profuerit,

313 3060 440 3102 quam
475 3046 653 3101 deforme
689 3042 905 3086 canticum.
967 3043 1130 3086 Raucas

313 3102 446 3161 igitur
472 3102 538 3146 vel
567 3102 714 3160 rausas
743 3101 887 3144 malim
918 3102 948 3145 i.
979 3115 1018 3143 e.
1050 3100 1129 3143 h'u-

310 3174 424 3204 more
457 3161 590 3203 tenaci
627 3159 792 3209 obsitas,
821 3161 897 3216 qni
930 3156 1131 3215 vocifera-

311 3219 423 3271 tione
440 3219 494 3260 est
513 3217 798 3267 excutiendus,
818 3216 930 3273 quod
954 3215 1132 3271 deforme

310 3275 511 3319 canticum
531 3276 583 3318 est
604 3275 694 3317 sane
719 3277 761 3317 in
780 3276 974 3318 concione
992 3275 1130 3316 dicen-

311 3334 384 3376 tis.
432 3326 475 3375 Si
507 3334 615 3376 enim
645 3331 751 3374 solus
780 3330 846 3389 sis,¹
864 3346 947 3378 nen
965 3331 1131 3374 dedecet

312 3387 384 3433 ino
412 3391 494 3442 uti,
515 3391 579 3434 vel
608 3388 680 3433 illo
709 3388 836 3432 altero
864 3389 1024 3446 genere,
1045 3403 1131 3447 quo

308 3463 402 3501 ‘vox
419 3462 471 3490 ac
499 3447 608 3503 latus
630 3454 889 3503 preparetur
913 3459 982 3496 ια’,
1005 3461 1048 3499 7,
1071 3463 1095 3490 2
1116 3465 1128 3500 3

310 3506 362 3547 de
381 3519 466 3563 quo
487 3506 636 3548 Seneca
655 3519 828 3562 prooem.
854 3505 1055 3548 controv.
1075 3504 1127 3547 de

313 3563 462 3607 Porcio
493 3565 688 3612 Latrone,
719 3561 836 3605 Nihil
855 3557 979 3605 'vocis
1009 3563 1133 3620 caigfa

1208 2755 1322 2797 dere.
1368 2755 1443 2796 Sed
1473 2754 1524 2796 de
1555 2754 1632 2797 hoc
1660 2754 1746 2797 vid.
1770 2764 1869 2796 mox
1892 2770 1962 2806 11,
1988 2770 2030 2809 3,

1211 2827 1283 2855 22.

1273 2883 1342 2923 15.
1365 2868 1557 2919 candida,
1571 2867 1760 2926 etfiffca]
1785 2869 1851 2912 Sic
1869 2878 1911 2913 et
1932 2871 2028 2915 Cic.

1208 2926 1260 2981 de
1289 2928 1391 2983 Nat.
1415 2928 1541 2969 Deor.
1566 2942 1607 2977 2,
1633 2931 1703 2980 58.
1740 2927 1852 2970 Vocis
1873 2943 2031 2985 genera

1203 2985 1427 3040 permulta,
1456 2998 1664 3034 canorum,
1679 2984 1868 3042 fuscum;
1900 2986 2030 3038 laeve,

1209 3043 1395 3142 §sperum
1410 3060 1422 3095 ;
1439 3056 1602 3098 grave,
1621 3050 1784 3085 acutum
1799 3061 1811 3096 3
1826 3043 2030 3098 flexibile,

1239 3114 1374 3143 urum.
1426 3100 1646 3157 Pauperies
1685 3100 1875 3143 sermonis
1911 3100 2031 3154 facit,

1212 3167 1260 3200 ut
1291 3172 1386 3215 quae
1421 3158 1471 3200 ad
1510 3157 1614 3200 alios
1644 3157 1776 3200 sensus
1810 3160 2030 3215 pertinent,

1212 3215 1489 3258 tribuerentur
1507 3216 1617 3258 voci.
1668 3217 1735 3258 Sic
1755 3215 1868 3258 Plin.
1891 3232 1962 3267 20,
1984 3220 2030 3269 6,

1200 3273 1244 3387 ΞΖ
1266 3288 1315 3316 21
1316 3301 1358 3375 ἐι
1358 3273 1409 3315 de
1428 3287 1564 3330 porro,
1586 3274 1625 3315 V
1621 3272 1679 3315 oci
1682 3271 1934 3332 splendorem
1951 3274 2032 3317 ad-

1232 3339 1297 3374 ert
1359 3345 1399 3374 c.
1820 3367 1822 3370 .

1270 3402 1346 3443 1⁵·
1375 3389 1603 3437 contracta,
1622 3394 1662 3429 et
1667 3385 1795 3445 fusa]
1826 3382 1948 3431 Licet
1968 3388 2034 3433 in-

1213 3447 1427 3513 terpretari
1473 3446 1726 3487 contractam
1764 3446 2033 3499 moderatam,

1211 3512 1253 3546 et
1280 3511 1390 3547 mtra
1418 3502 1578 3546 alveum
1608 3501 1720 3559 quast
1744 3501 1861 3546 snum
1880 3504 2035 3547 coerci-

1213 3571 1318 3610 tam,
1338 3562 1424 3613 cui,
1444 3570 1492 3604 ut
1511 3560 1679 3610 vitium,
1700 3559 1820 3619 sitsa,
1843 3563 1872 3606 i.
1894 3577 1931 3605 e.
1955 3562 2035 3604 im-

1227 3633 1312 3673 s2
