2320 4030
605 296 884 362 INSTIT.
918 293 1260 348 ORATOR.
1293 294 1434 347 LIB.
1466 293 1582 346 x11.
1620 308 1665 347 1.
1869 305 1969 360 303

158 444 224 505 15
245 453 416 490 aures⁰
489 433 636 489 Mihi
682 435 824 489 enim
875 451 975 488 nec
1023 429 1362 516 Demosthenes
1407 442 1518 486 tam
1564 433 1710 506 gravi
1754 451 1966 489 morum

245 507 445 580 dignus
470 507 681 560 videtur
703 505 922 572 invidia,
947 504 1010 559 ut
1022 520 1227 572 omma,
1253 522 1370 575 quae
1394 503 1449 555 in
1475 522 1598 556 eum
1632 505 1699 557 ab
1731 505 1971 561 inimicis

244 597 345 631 oon
388 579 490 631 esta
521 578 660 643 sunt,
689 575 899 630 credam
917 596 934 642 ;
973 592 1098 630 cum
1133 586 1191 628 et
1226 574 1577 647 pulcherrima
1599 575 1753 646 ejus1·
1791 576 1848 630 in
1883 596 1969 631 re-

157 647 226 699 16
242 650 354 720 pub
378 649 462 702 ica
512 647 742 715 confilia,
791 657 848 700 et
895 646 1056 699 finem·
1103 646 1230 699 vitae
1278 645 1479 714 clarum
1529 645 1705 727 legam
1732 652 1775 702 ⁰.
1846 648 1966 702 Nec

244 721 425 773 Marco
453 718 618 773 Tullio
644 714 860 772 defuiffe
887 717 1041 770 video
1077 715 1277 770 inulla
1312 727 1457 788 parte
1494 717 1624 770 civis
1647 715 1835 789 optimi
1862 737 1962 772 vo-

241 789 524 844 luntatem.
596 787 923 842 Testimonio
955 788 1027 840 est
1051 786 1236 840 aetus?
1257 786 1587 841 ,nobiliffime
1622 787 1959 856 consulatum

241 861 587 934 integerrime
610 859 878 931 provincia
901 858 1255 912 administrata
1274 880 1289 924 3
1328 869 1384 911 et
1407 858 1715 930 repudiatus
1739 860 1962 931 viginti-

240 931 440 986 viratus
460 952 476 998 ;
515 943 572 984 et
596 931 842 984 civilibus
877 929 1053 995 bellis,
1079 948 1200 1002 quae
1226 930 1281 982 in
1311 939 1520 982 aetatem
1538 939 1559 972 ‘1
1586 929 1700 1002 ejus
1723 932 1961 1003 gravifli-

240 1021 331 1056 ma
351 1002 668 1068 inciderunt,
693 1019 866 1074 neque
889 1001 975 1073 spe
1002 1017 1177 1071 neque
1213 1010 1364 1055 metu
1399 1000 1697 1054 declinatus
1733 1002 1961 1074 animus,

240 1091 352 1145 quo
376 1073 554 1127 minus
578 1073 795 1145 optimis
828 1072 880 1126 se
912 1070 1170 1143 partibuS,
1197 1071 1254 1124 id
1286 1073 1376 1138 est,
1402 1070 1728 1143 reipublicae,
1742 1145 1753 1155 .
1756 1073 1959 1147 junge-

152 1154 218 1212 17
241 1155 342 1198 ret.
417 1147 604 1199 Parum
627 1144 778 1201 fortis
802 1143 1011 1196 videtur
1034 1142 1347 1223 quibusdam
1369 1163 1384 1195 ε
1422 1144 1616 1224 quibus
1645 1157 1847 1215 optime
1871 1165 1958 1200 re-

154 1355 219 1408 18
238 1375 348 1429 prae
392 1358 681 1411 antiffimor
717 1356 939 1428 suscepit
973 1355 1171 1409 animo,

239 1215 447 1286 spondit
469 1216 595 1287 ipse,
621 1236 717 1269 non
733 1217 798 1288 se
821 1214 1046 1268 timidum
1070 1234 1124 1266 m
1140 1214 1486 1287 szfscipiendzs,
1496 1205 1598 1286 sed
1617 1215 1670 1267 in
1687 1217 1959 1288 providen-

241 1286 318 1338 dis
399 1286 594 1340 eric-ulis
612 1308 630 1339 .-
685 1285 830 1359 quod
876 1285 1122 1357 probavit
1163 1294 1334 1338 morte
1373 1303 1588 1356 quoque
1628 1286 1754 1356 ipsa,
1796 1307 1959 1360 quam

1246 1357 1414 1410 Quod
1450 1355 1484 1407 fi
1521 1355 1690 1409 defuit
1725 1357 1808 1410 his
1835 1359 1961 1413 viris

239 1429 444 1482 summa
462 1429 631 1483 virtus
652 1449 666 1483 ε
705 1430 790 1493 fio,
816 1427 1199 1499 quaerentibuS,
1225 1427 1315 1480 An
1342 1438 1574 1480 oratores
1598 1427 1831 1483 fuerint?
1872 1448 1959 1483 re·-

236 1498 527 1569 spondebO,
550 1519 662 1570 quo
698 1500 859 1552 modo
893 1497 1080 1567 Stoici,
1106 1498 1141 1550 fi
1177 1499 1571 1570 interrogentur
1587 1507 1625 1563 ³,
1651 1518 1719 1552 an
1756 1500 1959 1572 sapiens

239 1570 412 1636 Zenn,
436 1588 504 1623 an
530 1571 836 1637 CleantheS,
861 1587 929 1622 an
963 1569 1285 1642 Chryfippus
1308 1571 1326 1622 ?
1368 1577 1382 1602 ³
1402 1568 1764 1640 respondeant,
1789 1574 1957 1644 Mag-

237 1652 336 1696 nos
359 1639 579 1715 quidem
610 1641 734 1696 illos
770 1660 833 1696 ae
865 1640 1210 1708 venerabiles,
1238 1659 1343 1694 non
1367 1651 1550 1695 tamen*
1584 1640 1667 1708 id,
1686 1643 1835 1715 quod
1860 1661 1955 1696 na-

1209 1801 1230 1829 1’
1255 1795 1394 1837 austus
1419 1796 1470 1836 G.
1593 1802 1611 1829 ‘³
1643 1804 1760 1836 aetate
1779 1797 1830 1838 G.
1849 1798 1959 1840 Jens,

267 1816 271 1818 ·
293 1800 315 1822 ¹¹
344 1795 432 1846 ejus
449 1797 546 1848 reip.
565 1797 616 1836 G.
635 1797 740 1836 Jens.
850 1801 870 1822 0
898 1796 1031 1836 virum
1049 1795 1103 1835 G.

236 1857 256 1880 ¹'
282 1850 578 1902 praesemiffimo
596 1851 704 1890 malit
721 1865 803 1890 cum
821 1850 978 1891 Francia
994 1852 1242 1891 Burmannus.

238 1907 254 1934 ⁸
280 1904 352 1956 qui
371 1904 439 1958 ins
455 1905 507 1946 G.
535 1905 605 1957 ipsi
625 1905 692 1959 ins.
708 1905 814 1946 Jens.

303 2054 322 2082 x
331 2054 373 2095 ς.
403 2047 492 2083 tam
512 2038 651 2096 gravi
677 2052 830 2083 morum
860 2037 1051 2094 invidia]

239 2098 379 2157 Qam
410 2095 515 2142 facit
535 2098 596 2142 illi
626 2100 670 2141 in
690 2099 886 2140 Oratione
913 2107 1057 2140 contra

238 2155 350 2203 Ctefi
378 2156 559 2206 bomem,
607 2156 671 2200 vel
716 2156 850 2213 ipsum
898 2157 1058 2213 potius,

239 2211 345 2258 AEst':
377 2214 480 2257 ines.
523 2213 659 2263 Finem
676 2213 786 2257 vitae
805 2212 1057 2257 Plutarchus

236 2273 282 2315 in
319 2273 408 2315 vita
452 2271 652 2330 longiore,
687 2281 729 2314 et
770 2271 1056 2330 speciolissime,

238 2329 351 2388 quali
388 2344 439 2374 ex
485 2330 769 2377 Macedonicis
810 2330 1055 2388 quibusdam

237 2389 461 2446 Antipatri
521 2388 838 2439 commentariis,
898 2389 1058 2430 e‘narrat

238 2447 383 2490 anaor
413 2448 591 2490 encomii
625 2446 923 2496 Demosthenis,
943 2446 1057 2503 quod

217 2504 347 2565 ‚inter
391 2506 603 2549 Lucianea
639 2505 829 2547 babetur.
890 2505 1056 2547 Totum

236 2561 341 2604 illud
359 2565 592 2606 encomium
611 2564 840 2606 maximum
868 2563 995 2606 nobis,
1016 2571 1058 2606 et

236 2622 444 2678 optimum
461 2622 598 2664 virum
616 2620 827 2664 describit.

300 2683 372 2721 16.
402 2678 750 2736 vigintiviratus]
783 2678 908 2736 Agre
927 2676 1056 2722 Cam-

237 2745 350 2794 pano
379 2737 639 2791 dividund03
680 2750 808 2794 quam
846 2751 932 2780 rem
949 2737 1058 2780 vdili--

236 2803 382 2851 genter
413 2795 490 2838 hoc
528 2796 613 2853 ipso
645 2797 770 2847 etiam
803 2794 894 2839 loco
931 2795 1056 2838 advo-

238 2859 334 2895 cato
370 2853 607 2904 declaravit,
648 2853 888 2898 Burmanno
929 2854 1056 2896 etiam

235 2909 444 2961 laudante,
475 2912 694 2955 Fabricius
728 2911 836 2955 Hist.
873 2911 969 2954 Cic.
1001 2910 1055 2954 ad

235 2969 303 3011 A.
326 2970 384 3012 U.
407 2969 463 3012 C.
493 2981 705 3014 vexent.

300 3041 370 3079 17.
401 3041 479 3070 non
492 3029 543 3085 J?
570 3026 775 3081 timidum]
807 3026 976 3070 Bonane
1002 3025 1054 3070 fi-

235 3084 289 3127 de
326 3086 456 3129 credis
495 3086 571 3128 hoc
603 3087 785 3128 Tullio?
830 3099 882 3127 an
913 3086 1054 3142 potius

236 3142 416 3201 aliquem
447 3143 553 3186 dicis
583 3142 661 3193 hic,
683 3142 972 3202 Qinfflliane,
990 3157 1055 3185 co-

235 3199 401 3244 torem?
434 3203 500 3244 At
527 3217 606 3259 ego
634 3202 783 3251 fateor,
802 3215 868 3243 me
890 3200 984 3258 plus
1003 3200 1054 3244 fi-

235 3259 305 3301 dei
320 3258 468 3302 habere
488 3259 540 3303 de
554 3261 590 3302 se
609 3259 818 3309 Ciceroni,
834 3272 928 3300 cum
944 3259 1057 3317 apud

236 3317 496 3368 Terentiam,
513 3333 610 3360 cum
627 3318 737 3376 apud
756 3317 971 3367 Atticum,
983 3317 1054 3359 sua

235 3376 477 3425 timiditate,
510 3376 584 3418 sua
610 3375 775 3418 vivendi
808 3375 1054 3432 cupiditate,

235 3435 374 3476 omnia
402 3433 562 3490 perdita
588 3432 661 3476 effe
688 3433 891 3491 queritur.
953 3432 1055 3475 Col·

235 3490 341 3532 leSta
377 3491 482 3533 mihi
520 3490 627 3541 sunt,
665 3490 829 3548 quando
862 3490 1056 3534 dubitare

235 3549 379 3592 doctos
409 3549 534 3592 etiam
566 3551 677 3593 viros
705 3547 838 3600 video,
858 3562 904 3592 ea
931 3547 1053 3607 ipsius

1385 1858 1402 1880 ⁸
1431 1852 1763 1902 interrogarentur
1779 1852 1831 1893 G.
1847 1853 1957 1895 Jens·

1137 2048 1179 2083 et
1211 2039 1390 2083 aliorum·
1417 2039 1659 2091 testimonia,
1693 2041 1850 2099 quibus
1882 2039 1957 2087 nili
2029 2055 2032 2059 ’

1138 2098 1307 2156 planum
1346 2098 1407 2149 fit,
1442 2099 1552 2155 quod
1587 2097 1688 2142 alias
1725 2100 1875 2159 scripfi,
1911 2103 1957 2146 in

1137 2155 1408 2214 philosophia,
1429 2157 1472 2198 in
1500 2167 1588 2199 tota
1616 2158 1718 2208 vita,
1739 2158 1783 2202 in
1806 2158 1958 2202 ultimo

1137 2215 1223 2269 ejus
1262 2214 1374 2265 ae'tu,
1407 2214 1603 2258 timidum
1639 2213 1755 2260 fuiss'e
1787 2217 1959 2261 Cicero-

1136 2287 1247 2324 nem,
1299 2272 1442 2328 (cujus
1498 2272 1669 2316 summis
1727 2275 1959 2320 virtutibus

1137 2345 1262 2386 quam
1282 2330 1386 2374 nihil
1405 2344 1451 2372 ea
1469 2345 1512 2374 re
1528 2331 1757 2374 detraaum
1771 2334 1956 2390 cupiam,

1137 2389 1251 2439 satis,
1269 2396 1389 2446 putu,
1409 2387 1562 2431 constat
1586 2389 1853 2446 volentibus)
1873 2406 1957 2435 non

1136 2447 1271 2498 video,
1293 2461 1388 2505 quae
1406 2447 1506 2490 fides
1527 2447 1701 2491 historiae
1726 2447 1799 2491 effe
1817 2449 1953 2506 poffit.

1139 2505 1218 2548 Sed
1235 2520 1282 2548 ea
1300 2506 1368 2548 hic
1390 2520 1571 2562 promere
1589 2515 1630 2548 et
1649 2506 1767 2562 supra
1783 2508 1964 2551 modum·

1138 2561 1307 2620 longum
1333 2573 1373 2605 et
1393 2566 1674 2621 importunum
1692 2563 1836 2608 fuerit.

1199 2637 1268 2674 ¹7·
1299 2628 1425 2664 morte
1455 2635 1603 2680 quoque
1630 2621 1737 2680 ipfiz]
1771 2623 1839 2666 Dc
1869 2638 1957 2681 qua

1135 2678 1305 2730 Livius,
1325 2678 1810 2732 candidiffimus‘omnium
1838 2686 1957 2739 mag-

1135 2751 1278 2780 norum
1309 2736 1558 2794 ingeniorum
1589 2737 1824 2796 aestimator,
1844 2741 1974 2800 apud?

1137 2796 1330 2839 Senecam
1370 2795 1529 2838 Suasor.
1572 2811 1615 2848 7,
1658 2796 1847 2839 Omnium
1876 2801 1955 2842 ad-

1136 2855 1349 2920 verstrum
1368 2851 1473 2896 nihil
1495 2861 1540 2895 ut
1558 2853 1657 2897 viro
1675 2854 1839 2910 dignum
1858 2866 1955 2901 erat

1136 2911 1244 2963 tulst,
1265 2919 1421 2968 praeter
1437 2920 1604 2955 mortem
1619 2930 1632 2954 .-
1663 2922 1703 2955 et
1721 2913 1772 2955 de
1792 2914 1868 2956 hoc
1889 2922 1955 2958 ta-

1135 2983 1230 3013 men
1247 2971 1372 3013 etiam
1397 2969 1649 3027 disputatum
1670 2971 1776 3013 inter
1792 2972 1955 3016 histor&

1137 3040 1223 3078 cos,
1245 3027 1378 3085 (quod
1399 3026 1520 3070 facile
1545 3029 1604 3070 ita
1622 3030 1780 3072 evenire
1801 3033 1952 3086 potuit,

1137 3096 1232 3128 cum
1253 3087 1373 3144 pauci
1399 3085 1642 3141 intereffent)
1664 3087 1766 3129 satis
1778 3087 1848 3130 illa
1869 3090 1956 3147 ipsa

1137 3145 1297 3187 Senecae
1348 3144 1520 3186 suasoria
1578 3145 1750 3187 indicat.
1812 3147 1953 3198 Certe,

1134 3203 1237 3263 quin
1277 3202 1424 3244 ultimo
1469 3203 1564 3246 vitae
1611 3212 1792 3260 tempore
1838 3207 1957 3248 varia

1135 3260 1264 3303 animi
1284 3259 1563 3311 inconstantis,
1584 3269 1624 3302 et
1645 3261 1749 3303 inter
1767 3262 1952 3319 despera-

1134 3319 1289 3369 tionem
1308 3328 1432 3373 atque
1453 3317 1535 3375 spei
1563 3318 1739 3372 alicujus
1759 3319 1957 3378 reliquia*

1135 3376 1278 3418 misere
1306 3375 1546 3419 fluctuantis
1577 3375 1687 3434 ligna
1718 3376 1891 3430 dederit,
1925 3378 1957 3422 st

1135 3435 1231 3489 quis
1265 3433 1532 3477 Plutarchum
1567 3431 1685 3491 legit,
1711 3432 1791 3477 non
1826 3437 1961 3492 potest

1135 3491 1343 3534 dubitare.
1378 3491 1454 3534 Sed
1474 3492 1563 3534 haec
1583 3490 1796 3549 peculiari,
1817 3493 1847 3538 fi
1864 3508 1955 3538 mo·

1134 3548 1206 3602 do,
1226 3548 1366 3595 libello
1385 3549 1720 3607 disputabuntur.
