2320 4030
301 281 402 323 200
691 264 768 316 Μ.
802 265 1005 316 FABII
1041 225 1622 315 omNc‘rimAm

300 401 490 454 tandos
526 409 794 473 putemuS.
869 406 976 457 Sua
1016 403 1208 474 cuique
1242 400 1498 473 proposita
1533 399 1786 467 lex,“*suus
1820 399 2018 474 cuique
2040 419 2110 463 22

300 473 464 525 decor
494 475 585 526 est.
660 473 781 528 Nec
800 475 1076 527 comoedia
1099 475 1153 526 in
1179 474 1469 526 cothurnos
1494 472 1726 545 assurgit,
1754 491 1852 525 nec
1888 491 2019 526 con-

302 554 394 607 tra·
409 544 669 616 tragoedia
694 546 848 599 socco
879 546 1196 618 ingreditur.
1271 545 1452 597 Habet
1486 554 1662 596 tamen
1699 544 1872 596 omnis
1898 544 2019 596 elo-

297 616 523 685 quentia
553 616 757 687 aliquid
783 635 1087 669 commune.
1162 615 1228 668 Id
1257 615 1545 681 imitemur,
1569 613 1713 686 quod
1738 632 2022 667 commune

305 686 396 738 est.
471 686 650 739 Etiam
685 686 790 739 hoc
821 687 952 740 solet
985 687 1312 740 incommodi
1347 685 1583 738 accidere
1616 685 1698 751 iis,
1723 686 1818 756 qui
1853 685 1903 738 se
1927 685 2019 738 uni
2044 701 2107 758 23

307 756 468 809 alicui
491 757 678 828 generi
712 758 1047 824 dediderunt,
1075 768 1138 810 ut
1162 758 1195 810 fi
1233 757 1476 827 asperitas
1500 755 1585 809 his
1620 756 1819 826 placuit
1853 756 2021 809 alicu-

295 825 411 899 juS,
437 828 575 880 hanc
599 828 760 880 etiam
785 829 839 881 in
864 829 971 881 leni
991 838 1011 860 ‘¹
1052 846 1113 882 ac
1137 828 1343 882 remisso
1380 827 1668 880 caussarum
1694 846 1892 899 genere
1917 845 2024 880 non

303 909 542 951 exuant:
583 898 615 949 fi
635 906 656 930 '⁶
682 899 950 964 termitem,
975 910 1068 951 aut
1094 899 1329 964 nuditas,
1358 898 1414 951 in
1449 897 1638 970 asperis
1675 899 2027 971 gravibusque

299 969 491 1021 -cauffis
525 969 747 1040 ponderi
769 989 944 1022 rerum
971 989 1153 1041 parum
1179 969 1555 1041 respondeant:
1593 986 1718 1022 cum
1745 970 1805 1022 fit
1829 969 2028 1022 diversa

304 1056 418 1094 vnon
454 1039 741 1093 caussarum
766 1041 929 1094 modo
959 1041 1099 1093 inter
1133 1041 1266 1112 ipsas
1292 1040 1549 1104 conditio,
1571 1039 1659 1092 sed
1683 1039 1737 1092 in
1765 1040 1982 1112 singulis
2001 1049 2026 1072 z

310 1109 474 1162 etiam
501 1112 683 1163 caustis
709 1122 728 1144 ³
764 1112 995 1183 partium
1017 1132 1031 1176 3
1074 1112 1273 1182 fintque
1293 1113 1318 1145 ¹>
1355 1111 1459 1164 alia
1481 1111 1668 1163 leniter
1688 1120 1729 1177 ¹¹,
1756 1111 1856 1171 alia
1877 1112 2024 1183 aspe-

308 1199 387 1245 re,
414 1181 517 1234 alia
540 1182 826 1247 concitate,
852 1183 956 1235 alia
981 1183 1204 1248 remisse,
1230 1182 1331 1234 alia
1366 1182 1613 1247 docendi,
1639 1181 1742 1235 alia
1777 1181 2028 1235 movendi

311 1252 826 1323 gratia'dicenda‘:
885 1273 1113 1326 quorum
1152 1253 1394 1306 omnium
1439 1252 1695 1306 diffimilis
1734 1263 1898 1324 atque
1939 1252 2025 1306 di-

309 1323 456 1376 versa
479 1323 615 1376 inter
639 1325 691 1377 se
713 1323 849 1377 ratio
881 1326 970 1377 est.
1047 1327 1235 1396 Itaque
1270 1342 1338 1378 ne
1371 1324 1478 1376 hoc
1513 1323 1728 1395 quidem
1763 1323 2024 1392 suaserim,
2049 1341 2119 1393 24

302 1394 406 1446 uni
430 1396 480 1447 se
503 1394 662 1447 alicui
686 1396 914 1466 proprie,
936 1415 1095 1468 quem
1121 1414 1214 1467 per
1238 1395 1419 1448 omnia
1441 1395 1705 1465 sequatur,
1729 1394 2025 1449 addices-ed.

304 1465 506 1537 »Longe
546 1466 942 1537 perfeG’dflimus
980 1468 1296 1520 Graeoorum
1331 1466 1683 1537 Demqsthenes,
1707 1465 1908 1538 aliquid
1940 1477 2028 1518 ta-

306 1553 438 1588 men
475 1535 654 1607 aliquo
691 1537 746 1589 in
781 1537 903 1591 loeo
935 1538 1130 1591 melius
1167 1537 1275 1591 alii.
1347 1537 1580 1590 Plurima
1606 1537 1771 1590 illae:
1810 1538 1898 1590 sed
1922 1555 2027 1591 non

313 1606 411 1678 qui
434 1608 668 1660 maxime
689 1607 996 1674 imitanduS,
1021 1609 1185 1663 etiam
1202 1609 1218 1640 f
1240 1608 1379 1661 solus
1403 1608 1691 1661 imitandus
1717 1609 1808 1661 est.
1881 1608 2029 1664 Quid
2053 1622 2118 1680 25
2160 1662 2163 1667 ,

313 1679 485 1748 ergo?
527 1696 636 1730 non
674 1679 745 1731 est
781 1679 903 1732 satis
942 1679 1124 1731 omnia
1159 1679 1226 1734 fic
1251 1678 1446 1745 dicere,
1472 1698 1582 1751 quo
1617 1678 1781 1732 modo
1817 1681 2032 1733 Marcus

316 1748 515 1800 Tullius
538 1749 714 1802 dixit?
755 1751 900 1802 Mihi
927 1749 1144 1821 quidem
1179 1750 1301 1802 satis
1331 1751 1475 1814 effet,
1508 1750 1541 1802 fi
1569 1750 1748 1803 omnia
1782 1750 2033 1822 consequi

303 1819 530 1888 cpoffem.
607 1820 759 1874 Quid
798 1831 975 1874 tamen
1019 1830 1177 1874 nocet
1195 1832 1236 1887 g,
1275 1821 1386 1874 vim
1426 1822 1659 1893 Caesaris,
1700 1822 2032 1894 asperitatem

320 1887 489 1958 Caelii,
528 1889 861 1962 diligentiam
903 1891 1163 1958 Pollionis,
1191 1890 1463 1964 judicium
1508 1893 1679 1958 Calvi,
1716 1892 2032 1965 quibusdam

311 1958 370 2012 in
396 1959 544 2012 loci-sv
564 1962 855 2026 affumere?
897 1964 1043 2023 Nam
1079 1974 1268 2035 praeter
1304 1963 1380 2029 id,
1407 1963 1553 2035 quod
1585 1963 1859 2034 prudentis
1895 1963 2030 2032 esth,
2055 1966 2125 2023 26

315 2031 463 2102 quod
486 2032 542 2088 in
576 2051 792 2104 quoque
822 2033 1088 2104 optimum
1114 2035 1205 2098 est,
1232 2034 1263 2086 fi
1290 2034 1459 2105 poffit,
1483 2034 1636 2086 suum
1668 2034 1876 2088 faceret
1910 2045 2034 2089 tum

315 2100 375 2153 in
413 2111 561 2155 tanta
595 2103 670 2156 rei
708 2103 1021 2158 difficultate
1058 2124 1227 2158 unum
1262 2105 1553 2170 intuenteS,
1580 2105 1669 2159 vix
1705 2106 1883 2178 aliqua
1913 2124 2036 2179 pars

317 2172 573 2243 sequitur.
647 2174 881 2256 Ideoque
915 2194 1039 2229 cum
1062 2187 1239 2228 totum
1265 2175 1576 2248 exprimere,
1601 2194 1762 2248 quem
1786 2177 2034 2250 elegerin,

318 2261 454 2314 pene
501 2245 561 2301 fit
600 2244 807 2301 homini
854 2247 1253 2300 inconcessum:
1312 2247 1546 2319 plurium
1593 2248 1732 2301 bona
1776 2261 2036 2320 ponamus

316 2326 443 2367 ante
468 2315 674 2382 oculor„
701 2326 762 2369 ut
783 2317 929 2371 aliud
949 2337 1013 2371 ex
1038 2318 1143 2370 alio
1166 2318 1385 2385 haereat,
1410 2329 1484 2386 et,
1509 2334 1620 2390 quo
1651 2319 1891 2391 quidque
1909 2319 2036 2372 loeo

318 2386 619 2453 conveniat,
656 2390 917 2457 aptemuS.
993 2389 1231 2442 Imitatio
1268 2399 1447 2443 autem
1492 2393 1635 2460 (nam
1671 2389 1858 2461 saepius
1889 2390 2033 2443 idem
2056 2404 2123 2463 27

320 2456 520 2524 dicam)
553 2477 659 2511 non
686 2459 746 2512 fit
768 2470 975 2513 tantum
1001 2460 1055 2512 in
1083 2457 1277 2514 verbis.
1351 2459 1490 2514 Illuc
1514 2460 1835 2514 intendenda
1858 2480 2032 2528 mene,

311 2538 583 2600 quan-tum
609 2529 771 2583 fuerit
796 2531 900 2583 illis
916 2532 1047 2584 >viris
1085 2531 1289 2585 decoris
1326 2531 1379 2584 in
1413 2532 1570 2584 rebus
1602 2543 1760 2604 atque
1784 2532 2033 2604 personiS,

321 2599 467 2668 quod
506 2601 800 2666 confilium,
833 2621 955 2674 quae
991 2603 1269 2674 dispofitio,
1294 2621 1455 2673 quam
1493 2603 1672 2656 omnia
1707 2602 1887 2669 etiam,
1913 2622 2036 2675 quae

320 2669 660 2724 dele&ationi
695 2671 967 2726 videantur
1005 2673 1144 2739 data,
1178 2674 1244 2727 ad
1282 2673 1557 2727 vietor-iam
1592 2674 1861 2746 speetent:
1896 2674 2034 2747 quid

322 2751 513 2815 agatur
544 2744 819 2812 prooemiO,
846 2764 967 2816 quae
1004 2744 1137 2797 ratio
1170 2755 1223 2797 et
1258 2764 1416 2817 quam
1453 2745 1596 2797 varia
1627 2744 1887 2810 narrandi,
1912 2764 2034 2818 quae

323 2813 402 2864 vis
439 2812 693 2885 probandi
718 2832 779 2880 ac
816 2815 1109 2881 refellendi,
1136 2828 1333 2887 quanta
1357 2817 1410 2882 in
1435 2815 1711 2883 affeffibus
1733 2816 1908 2871 omnis
1932 2834 2034 2893 ge·-

304 3016 306 3018 ·
379 3005 399 3026 ¹¹
431 3000 510 3051 levi
529 3009 565 3039 et
581 3000 718 3041 leviter
734 3002 838 3048 Jens.
858 3004 940 3042 vid.
961 3014 1034 3043 not.
1053 3006 1104 3042 ad
1124 3016 1186 3051 10,
1211 3017 1243 3048 1,
1267 3014 1331 3055 52.
1360 3004 1436 3043 Sed
1450 3004 1508 3042 hic
1550 3004 1670 3046 uidem
1687 3003 1785 3043 nihil
1797 3003 2037 3045 mutaverim.

326 3061 348 3083 x
379 3055 441 3092 sed
459 3057 565 3095 Jens.
700 3064 722 3085 ²0
750 3056 885 3095 similis
905 3059 956 3096 id.
1105 3065 1119 3082 ²
1154 3060 1293 3098 caufl'ae
1313 3060 1487 3110 partibus
1506 3019 1557 3098 (ἕ.
1705 3058 1723 3084 ¹³
1756 3059 1825 3109 qui
1844 3059 1911 3112 ''⁹¹st
1928 3059 2036 3098 seur.

327 3114 343 3148 *ἲ
379 3109 514 3156 dicent
530 3110 582 3148 id.
704 3111 722 3137 d
745 3111 933 3158 adjicere.
962 3112 1094 3163 Longe
1112 3114 1299 3151 omniurn
1319 3113 1412 3161 perf.
1431 3113 1480 3150 G.
1499 3109 1610 3151 sens:
1730 3117 1747 3136 θ
1780 3111 1840 3150 Sic
1851 3113 1909 3153 G.
1926 3112 2034 3153 Jens.

326 3161 384 3202 illi
403 3162 457 3203 al.
566 3164 582 3188 ¹'
609 3163 733 3202 etiam
754 3168 780 3203 ι’.
800 3168 871 3204 im.
891 3179 959 3203 om.
977 3166 1027 3206 G.
1135 3172 1153 3196 8
1186 3177 1344 3205 noceret
1364 3167 1415 3205 G.
1435 3167 1542 3206 Jens.
1648 3163 1670 3196 ¹²
1696 3179 1767 3213 ⁰2¹1·
1786 3166 1838 3206 G.

369 3325 440 3366 26.
452 3331 575 3366 totum
583 3324 1138 3385 expritnere—inconcqffum]
1222 3329 1292 3372 hoc
1307 3327 1514 3387 archetypo
1530 3327 1646 3372 labor
1663 3338 1703 3373 et
1727 3328 1878 3373 decido.
1921 3327 2034 3373 Illud

328 3381 439 3423 Plin.
471 3383 583 3439 epist.
611 3398 650 3436 5,
679 3399 747 3425 10.
782 3385 835 3426 Ut
887 3386 1027 3429 icrores
1046 3387 1140 3442 pul-
1219 3387 1468 3442 inconceffum
1504 3400 1792 3445 comparamus
1820 3401 1916 3431 cum
1946 3384 2034 3432 for·

325 3438 469 3480 chram
507 3439 800 3497 absolutamque
827 3393 987 3497 fsscicm
1025 3458 1140 3494 νανο,
1222 3443 1336 3487 mula
1353 3444 1468 3500 nefizs
1491 3460 1561 3495 ιο,
1582 3459 1623 3499 2,
1648 3460 1690 3500 5.

291 3554 296 3559 ι
329 3496 402 3551 ,fist
430 3496 472 3539 in
496 3499 630 3554 pejus,
651 3498 862 3555 qffingunt:
895 3500 957 3544 ita
987 3516 1056 3559 ego
1087 3502 1141 3543 ab
