2320 4030
279 325 379 383 312
668 316 743 366 M.
778 314 988 365 FABII
1025 279 1634 365 QUINCTI-LIANI'

282 455 439 519 dunt,
465 460 530 506 ut
566 452 654 506 his
691 452 961 506 omnibus,
983 452 1041 519 ii,
1065 452 1158 524 qui
1196 450 1499 517 didicerint,
1537 451 1592 503 in
1627 449 1737 520 ipso
1770 448 2014 503 luctandi

285 526 574 579 certamine
597 536 835 589 utantur,
871 525 1014 594 (plus
1039 524 1181 576 enim
1218 522 1448 592 pondere
1473 537 1526 575 et
1554 521 1798 594 firmitate
1824 531 1879 572 et
1904 522 2008 592 spi-

282 598 394 650 ritu
416 597 611 668 agitur)
641 596 729 649 sed
755 609 816 648 ut
851 596 1008 648 subsit
1037 595 1188 665 copia
1211 594 1320 658 illa,
1347 611 1413 646 ex
1437 613 1541 665 qua
1564 612 1730 665 unum
1759 603 1851 645 aut
1875 592 2010 644 alte-

285 686 428 734 rum,
455 668 608 738 cujus
632 668 682 720 se
709 667 909 720 occasio
933 666 1156 730 dederit,
1183 665 1413 717 efficiant
1436 687 1448 717 :
1490 666 1566 718 ita
1600 665 1716 716 haec
1747 682 1869 735 'pars
1894 663 2010 716 dia·
2038 682 2101 737 13

283 739 494 805 lectica,
519 740 618 791 five
645 739 790 791 illam
829 739 1004 790 dicere
1033 737 1278 790 malimus
1303 737 1687 807 disputatricem,
1715 749 1774 787 ut
1811 735 1880 804 est
1905 735 2014 788 uti-

285 809 353 863 lis
379 811 513 881 saepe
538 821 594 862 et
618 810 966 871 finitionibuS,
992 821 1049 860 et
1084 807 1660 878 comprehenfionibUS,
1687 817 1741 859 et
1776 807 2015 877 separan-

288 880 391 946 dis,
432 899 551 952 quae
595 881 714 934 sunt
748 879 1070 943 differentia,
1115 890 1170 932 et
1209 878 1511 931 resolvenda
1552 878 1922 950 ambiguitate,
1961 886 2019 930 et

291 951 684 1023 distinguendo,
709 951 1019 1015 dividendO,
1047 949 1338 1014 illiciendo,
1366 950 1690 1021 implicando
1713 969 1725 1000 ε
1767 949 1840 1001 ita
1867 950 1897 1000 fi
1928 959 2016 1001 to-

289 1032 411 1076 tum
446 1023 540 1075 fibi
578 1023 923 1075 vindicaverit
960 1023 1012 1074 in
1051 1021 1166 1074 foro
1203 1032 1490 1085 certamen,
1516 1020 1743 1073 obstabit
1779 1020 2018 1084 meliori-

290 1094 413 1158 buS,
438 1105 503 1147 -et
545 1093 709 1148 sedas
745 1092 810 1146 ad
848 1093 1164 1146 tenuitatem
1202 1093 1345 1144 suam
1386 1091 1520 1144 vires
1558 1091 1691 1162 ipsat
1728 1091 2020 1144 subtilitate

293 1165 587 1218 consumet.
662 1166 853 1235 Itaque
894 1165 1119 1235 reperias
1157 1163 1409 1235 quosdam
1449 1164 1503 1215 in
1537 1162 1852 1232 disputando
1886 1164 2020 1216 mire
2045 1180 2113 1234 14

292 1235 532 1301 callidos,
557 1255 681 1289 cum
715 1238 782 1288 ab
818 1235 909 1288 illa
928 1246 946 1267 ⁰
985 1235 1319 1288 cavillatione
1342 1234 1674 1298 discesserint,
1701 1253 1807 1286 non
1846 1233 2022 1306 magis

294 1305 529 1360 sufficere
555 1308 608 1359 in
633 1307 813 1380 aliquo
837 1307 1077 1380 graviore
1096 1306 1242 1374 actu,
1265 1325 1422 1376 quam
1449 1325 1605 1377 parva
1629 1305 1873 1377 quaedam
1903 1306 2021 1358 ani-

295 1379 476 1445 malia,
501 1399 621 1450 quae
658 1380 712 1431 in
751 1379 1003 1451 angustiis
1039 1378 1279 1442 mobilia,
1310 1396 1497 1448 campo
1532 1377 2020 1448 deprehenduntur.

297 1450 421 1502 Jam
469 1451 688 1521 quidem
730 1468 847 1521 pars
886 1450 977 1502 illa
1017 1449 1235 1514 moraliS,
1262 1466 1381 1520 quae
1420 1448 1616 1502 dicitur
1655 1449 1849 1514 Ethioe,
1880 1460 2022 1516 certe
2049 1461 2112 1520 15

295 1530 413 1573 tota
434 1523 625 1574 oratori
650 1531 673 1554 ¹
700 1523 771 1574 est
790 1521 1211 1574 accommodata.
1287 1523 1431 1575 Nam
1471 1521 1524 1572 in
1564 1531 1711 1572 tanta
1736 1521 2024 1574 cauffarum

302 1596 392 1662 (ut
411 1603 435 1626 ²
471 1593 826 1664 superioribus
849 1593 999 1645 libris
1023 1592 1278 1659 diximus)
1319 1593 1590 1655 varietate,
1616 1611 1741 1644 cum
1766 1592 1868 1660 alia
1890 1598 2024 1645 con-

287 1661 499 1735 jectura
523 1674 846 1734 quaerantur,
871 1665 974 1716 alia
999 1663 1329 1716 finitionibus
1355 1663 1758 1728 concludantur,
1786 1663 1890 1716 alia
1903 1664 2028 1736 jure

297 1735 729 1800 submoveantur,
756 1736 840 1788 vel
876 1734 1275 1800 transferantur,
1302 1734 1405 1787 alia
1423 1735 1779 1807 colligantur,
1807 1735 1890 1799 vel
1922 1735 2029 1807 ipsa

296 1805 439 1859 inter
473 1807 524 1859 fe
562 1817 898 1872 concurrant,
925 1807 1010 1859 vel
1047 1806 1102 1858 in
1139 1806 1397 1859 diversum
1435 1806 1786 1878 ambiguitate
1819 1806 2024 1860 ducan-'

299 1886 416 1930 tur:
465 1878 614 1931 nulla
637 1877 744 1931 fere
769 1879 878 1930 dici
905 1879 1087 1949 potest,
1115 1877 1267 1950 cujus
1293 1896 1399 1929 non
1424 1890 1573 1948 parte
1597 1879 1652 1931 in
1688 1877 1865 1950 aliqua
1885 1882 2026 1932 trac-⁷

300 1957 441 2001 tatus
467 1949 606 2021 aequi
631 1968 694 2002 ac
716 1950 846 2003 boni
882 1949 1171 2020 reperiatur
1191 1960 1228 2002 ἃ.
1306 1949 1578 2021 Plerasque
1617 1969 1738 2016 vero
1774 1950 1874 2015 esse
1908 1950 2027 2020 quis
2051 1952 2120 2005 16

298 2019 633 2092 nesciaquae
669 2030 798 2074 totae
835 2021 888 2073 in
927 2022 1034 2075 sola
1070 2021 1325 2092 qualitate
1350 2020 1663 2073 consistant?
1708 2022 1771 2073 In
1801 2021 2031 2075 consiliis

299 2105 426 2144 vero
450 2111 573 2163 quae
597 2092 732 2144 ratio
765 2092 1016 2145 suadendi
1040 2095 1109 2145 est
1134 2093 1199 2144 ab
1224 2092 1423 2144 honesti
1460 2092 1748 2163 quaestione
1772 2093 2026 2164 seposita?

301 2162 452 2218 Quid
472 2167 492 2195 ὓ
527 2163 620 2216 illa
654 2164 812 2217 etiam
849 2174 969 2235 'pars
994 2164 1169 2228 tertia,
1194 2182 1312 2234 quae
1337 2162 1587 2216 laudandi
1619 2182 1682 2217 ac
1707 2165 2034 2236 vituperandi

301 2234 490 2287 officiis
515 2235 854 2288 continetur?
897 2238 1112 2307 Nempe
1138 2236 1189 2286 in
1218 2235 1446 2287 traciam
1475 2235 1605 2288 recti
1633 2236 1885 2308 pravique
1910 2255 2028 2289 ver-

300 2306 460 2360 satur.
531 2307 622 2359 An
661 2307 728 2359 de
748 2306 972 2378 justitia,
990 2307 1318 2378 fortitudine,
1348 2306 1658 2378 abstinentia,
1686 2309 2028 2379 temperantia,
2055 2322 2119 2379 17

338 2377 502 2443 ietate,
528 2396 635 2431 non
672 2378 904 2450 plurima
939 2378 1082 2432 dicet
1118 2380 1333 2430 orator?
1375 2378 1463 2431 sed
1498 2377 1588 2431 ille
1613 2379 1692 2431 vir
1711 2380 1912 2445 bonus,
1937 2381 2033 2452 qui

346 2467 423 2501 aec
449 2467 557 2501 non
596 2450 816 2502 vocibus
852 2461 1063 2503 tantum
1090 2449 1194 2502 *fibi
1228 2461 1357 2502 nota
1393 2459 1556 2520 atque
1579 2449 1909 2515 nominibus,
1935 2454 2032 2504 au÷

302 2519 441 2572 rium
464 2529 649 2573 tenusc-
671 2521 726 2573 in
751 2520 900 2577 usum
919 2521 1123 2593 linguae
1147 2521 1458 2593 perceperit,
1475 2521 1561 2573 sed
1585 2522 1678 2592 qui
1703 2521 1924 2575 virtutes
1947 2523 2032 2596 ip-

304 2590 385 2642 sas
403 2602 584 2643 mente
603 2593 932 2664 complexuS,
954 2593 1028 2645 ita
1044 2594 1251 2658 sentiet,
1271 2611 1369 2644 nec
1394 2592 1447 2644 in
1468 2593 1759 2664 cogitando
1780 2593 1858 2646 ita
1881 2594 2032 2648 labo-

306 2662 468 2727 rabit,
494 2662 602 2727 sed,
625 2664 773 2734 quod
798 2663 944 2730 sciet,
973 2682 1095 2717 vere
1121 2664 1286 2717 dicet.
1360 2663 1500 2717 Cum
1527 2666 1587 2716 fit
1608 2666 1627 2695 ‘¹
1654 2674 1832 2717 autem
1859 2666 2035 2719 omnis
2059 2666 2122 2719 18

307 2733 574 2804 generalis
612 2735 831 2806 quaestio
870 2735 1082 2807 speciali
1116 2735 1414 2806 potentior,
1458 2735 1584 2806 quia
1629 2736 1870 2789 universo
1918 2740 2036 2809 pars

308 2804 632 2866 continetur,
657 2823 763 2856 non
790 2806 977 2878 utique
1003 2806 1208 2858 accedit
1232 2806 1384 2877 parti,
1411 2807 1559 2878 quod
1595 2807 1891 2861 universum
1928 2810 2032 2861 est:

308 2874 550 2945 profecto
596 2894 756 2927 nemo
804 2877 1090 2942 dubitabit,
1137 2877 1408 2949 generales
1456 2879 1764 2948 quaestiones
1824 2879 1880 2932 in
1939 2879 2038 2932 illo

310 2945 540 2999 maxime
576 2946 872 3000 ¹studiorum
918 2967 1066 3001 more
1115 2948 1354 3009 versatas.
1429 2950 1551 3013 Jam
1600 2967 1723 3018 vero
1773 2956 1897 3016 cum
1939 2951 2038 3004 fint
2061 2965 2124 3020 19

311 3017 484 3068 multa
526 3018 747 3088 propriis
791 3019 1144 3091 brevibusque
1193 3020 1744 3091 comprehensionibus
1787 3021 2036 3088 finienda,

313 3088 458 3141 unde
481 3089 643 3141 etiam
671 3090 828 3142 status
851 3089 1137 3144 caussarum
1162 3090 1361 3144 dicitur
1364 3091 1613 3164 finitivus
1635 3114 1652 3145 .-
1692 3111 1868 3146 nonne
1891 3092 1958 3147 ad
1982 3093 2040 3148 id

370 3263 385 3291 t
413 3260 539 3311 ipsam
555 3260 662 3299 Jens.
772 3264 792 3285 ¹¹
824 3273 917 3300 vero
937 3261 986 3301 G.
1005 3262 1112 3301 Jens.
1222 3266 1242 3287 ⁸
1273 3263 1436 3301 oratoris
1453 3264 1521 3302 est.
1548 3263 1657 3302 Nam
1678 3262 1746 3303 iid.
1873 3269 1892 3291 ²
1923 3266 1967 3305 in
1986 3265 2038 3306 G.

314 3320 333 3343 ⁸
361 3316 608 3367 reperiantur
622 3314 727 3354 Jens.
836 3313 854 3340 ὓ
889 3315 999 3355 Quin
1019 3315 1071 3356 id.
1181 3320 1197 3341 ‘²
1232 3318 1361 3355 tenuis
1381 3317 1433 3356 G.
1543 3317 1561 3342 ‘¹
1593 3332 1662 3357 om.
1683 3319 1735 3358 G.
1751 3317 1859 3358 Jens.

301 3492 303 3494 ,
379 3469 451 3508 13.
497 3453 714 3508 illiciendo]
770 3453 895 3513 Qafi
945 3452 986 3496 in
1034 3455 1136 3497 retia
1218 3454 1391 3498 invitare
1419 3464 1460 3498 et
1489 3455 1686 3520 prolicere
1714 3471 1808 3500 eum
1841 3448 1892 3498 ad
1921 3468 2039 3513 quae-

314 3515 506 3572 quaedam
526 3530 536 3553 ι
561 3513 953 3568 interrogationibus
973 3526 1134 3570 nempe,
1216 3513 1312 3554 darn
1333 3513 1533 3571 responsa,
1554 3514 1710 3573 quibus
1729 3515 1875 3558 deinde
1898 3513 2037 3573 impli-

317 3586 412 3630 quae
445 3569 550 3614 nihil
583 3570 635 3613 ad
663 3585 748 3613 rem
766 3569 900 3614 facere
927 3570 1134 3623 videntur,
1216 3580 1348 3615 cetur.
