2320 4030
372 320 438 369 14
741 323 747 329 ·
777 302 855 351 M.
888 300 1089 351 FABII
1125 297 1778 348 QU1N0T1·L1AN1·2·

370 442 492 496 suos
530 449 679 494 artus
708 437 889 492 morsu
924 435 1190 491 lacerasset
1205 446 1246 498 ⁰,
1283 433 1502 506 fingitur
1538 433 1595 486 in
1636 431 1834 515 scholis
1854 433 2016 558 [αέα
2034 419 2131 506 st*
2198 449 2203 456 ·

371 512 580 583 cubqffi.
655 510 936 582 Ingeniosa
964 508 1080 561 haec
1117 517 1172 560 et
1207 505 1382 570 fortia,
1405 515 1509 557 ut?
1548 523 1615 557 ex
1652 515 1872 575 ancipiti

1947 505 2100 569 iserta

369 583 668 648 credantur,
694 580 994 653 perficiunt.
1067 579 1147 632 At
1163 588 1186 619 ‘1
1221 577 1442 649 pervasit
1462 589 1477 611 ¹
1503 575 1722 647 quidem
1751 575 1868 647 jam
1895 575 2099 630 multos
2121 589 2184 630 21

371 655 466 707 ista
488 654 760 724 persuafiO,
786 662 850 704 ut
885 651 940 703 id
970 649 1082 721 jam
1117 649 1336 701 demum
1360 646 1635 719 eleganter
1657 656 1711 699 at
1749 664 1818 699 ue
1843 647 2100 718 exquisite

372 725 595 796 dicium.
617 734 823 795 putent,
853 723 995 794 quod
1022 718 1478 790 interpretandum
1506 717 1584 770 fit.
1637 718 1673 770 S

1769 717 2102 772 auditoribus
2166 756 2168 758 ν

373 796 534 849 etiarn
575 793 843 847 nonnullis
879 804 1032 864 grata
1065 792 1216 844 sunt⁸
1242 790 1379 854 haec,
1402 807 1542 860 quae,
1569 807 1694 842 cum
1718 788 2098 857 intellexerint,
2169 805 2177 811 ’

370 867 620 920 acumine
654 866 748 918 suo
784 863 1131 926 delectantur,
1170 873 1227 914 et
1259 860 1514 933 gaudent,
1550 879 1666 912 >non
1701 860 1843 932 quasi
1879 861 2100 915 audive-

373 938 502 1002 rint,
541 936 630 990 sed
667 935 806 1007 quasi
843 935 1162 986 invenerint.
1237 933 1414 984 Nobis
1444 931 1614 1002 prima
1633 931 1698 984 sit
1722 931 1889 984 virtus
1909 934 2098 1005 perspi·
2125 945 2191 985 22

372 1009 551 1072 onitas,
594 1007 802 1078 propria
830 1005 1007 1070 verba,
1033 1005 1208 1058 rectus
1245 1003 1397 1068 ord0,
1432 1021 1541 1054 non
1579 1002 1635 1055 in
1659 1003 1902 1075 ,longum
1938 1004 2104 1058 dilata

372 1079 672 1132 conclusio:
713 1076 846 1129 nihil
875 1095 1051 1148 neque
1075 1076 1225 1139 defit,
1251 1093 1427 1144 neque
1450 1074 1752 1144 superfluat.

1828 1075 1911 1127 Ita
1932 1074 2102 1129 sermo

371 1161 428 1202 et
451 1149 624 1202 ἀοᾶὶίε
650 1146 962 1219 probabiliS,
987 1157 1043 1200 et
1066 1147 1254 1218 planus
1282 1144 1540 1216 imperitis
1565 1145 1683 1198 erit.
1727 1146 1864 1198 Haec
1884 1147 1960 1199 est
1980 1147 2101 1203 elo·-

371 1219 575 1292 quendi
614 1218 928 1272 observatio,
1001 1219 1144 1272 Nam
1182 1236 1358 1269 rerum
1397 1216 1741 1288 perspicuitas
1788 1235 1898 1289 quo
1937 1218 2106 1272 modo

371 1291 662 1365 praestanda
700 1291 779 1356 sit,
808 1290 1043 1343 diximus
1083 1289 1138 1341 in
1177 1287 1458 1360 praeoeptis
1487 1286 1824 1341 narrationis.
1895 1288 2104 1344 Similis
2161 1306 2176 1337 .·ῖ

371 1373 557 1416 autem
598 1362 732 1415 ratio
771 1362 842 1415 est
881 1361 934 1413 in
977 1360 1252 1413 omnibus,
1312 1361 1492 1423 ΑΝειῑῐι,
1538 1359 1574 1410 fi
1610 1377 1787 1431 neque
1826 1361 2100 1432 pauciora,
2124 1372 2188 1429 23

369 1453 534 1516 quam
576 1444 806 1504 oportet,
839 1451 1018 1504 neque
1053 1431 1223 1502 plura,
1251 1449 1427 1503 neque
1464 1429 1764 1483 inordinata
1799 1432 2101 1502 autin-dis.

367 1505 540 1561 tmssta
578 1504 888 1570 dixerimus,
915 1514 1072 1556 erunt
1110 1502 1366 1567 dilucida,
1410 1512 1467 1555 et
1509 1501 1850 1574 negligenter
1884 1521 2104 1577 quoquc

368 1575 720 1629 audientibus
751 1586 964 1646 aperta:
1003 1574 1131 1646 quia
1169 1574 1226 1627 id
1266 1573 1436 1644 ipsum
1473 1573 1525 1624 in
1559 1573 1776 1626 oonsilio
1796 1575 1871 1627 est
1893 1575 2103 1629 haben..

369 1647 524 1713 dum,
551 1665 662 1700 non
696 1647 898 1717 semper
931 1658 1040 1698 tam
1069 1645 1167 1698 effe
1191 1663 1367 1698 acrem
1400 1644 1604 1718 judicis
1635 1644 2015 1712 intentionem,
2040 1649 2106 1702 ut'

370 1718 745 1770 obscuritatem
785 1716 928 1790 apud
963 1717 1013 1770 se
1049 1716 1063 1767 i
1104 1717 1154 1770 se
1172 1723 1187 1749 ῑ
1214 1716 1479 1781 discutiat,
1502 1727 1562 1769 et
1593 1716 1824 1769 tenebris
1847 1719 2104 1772 orationis

368 1788 563 1842 inferat
598 1789 869 1860 quoddam
887 1799 910 1820 ¹¹
950 1735 1324 1860 inteiiigentiae
1365 1787 1471 1840 suae
1506 1787 1726 1841 lumen:
1785 1787 1875 1841 sed
1917 1790 2105 1847 mult-ie

367 1879 498 1913 eum
523 1860 830 1932 frequenter
854 1859 1274 1932 cogitationibus
1298 1858 1533 1912 avocari:
1563 1858 1654 1910 nisi
1680 1869 1790 1911 tam
1811 1860 1959 1913 clara
1979 1860 2103 1914 fue-

364 1931 500 1995 -rint,
526 1950 648 2004 quae
691 1931 955 1996 dicemuS,
983 1943 1045 1983 ut
1079 1931 1135 1983 in
1173 1931 1411 1983 animum
1445 1929 1559 2001 ejus
1595 1929 1785 1995 oratio,
1815 1947 1900 1985 υτ
1934 1932 2010 1985 sol
2043 1932 2129 1986 in·

367 2002 577 2068 ocuIOS,
602 2003 800 2055 etiarnsi
835 2002 890 2054 in
934 2021 1050 2054 eam
1085 2021 1193 2054 non
1233 2002 1559 2066 intendatur,
1592 2001 1845 2056 incurrat.-

1920 2003 2103 2058 Quare
2125 2016 2194 2069 24

372 2092 501 2140 non,
528 2085 591 2127 ut
613 2074 918 2146 intelligere
942 2074 1112 2146 poffit,
1137 2073 1246 2140 sed,
1276 2092 1345 2125 ne
1367 2073 1593 2126 omnino
1622 2073 1774 2144 poffit
1807 2090 1914 2127 non
1939 2074 2103 2128 intel-

421 2247 442 2268 0
471 2243 655 2283 lacerasse
671 2244 725 2283 G.
748 2258 785 2283 2.
931 2249 955 2276 4Ρ
982 2245 1091 2282 Forte
1109 2242 1181 2295 leg.
1200 2252 1240 2282 et
1258 2255 1311 2282 ex
1329 2255 1422 2284 anc.
1440 2243 1510 2283 dis.
1529 2250 1578 2282 ut
1595 2244 1820 2282 credantur.
1956 2251 1982 2285 π
2014 2242 2103 2285 Via.

371 2296 443 2348 leg.
464 2298 540 2336 Ac.
697 2303 716 2327 ἱ·
742 2297 927 2348 persuasit
943 2299 998 2336 G.
1017 2298 1123 2338 Jens.
1141 2298 1290 2351 vitiqse.
1453 2303 1467 2322 ⁸
1499 2310 1567 2337 om.
1589 2298 1642 2337 G.
1803 2299 1818 2322 ῑ
1849 2297 1976 2350 ipsam
1991 2299 2100 2340 Q

369 2351 453 2402 ipsa
470 2351 522 2390 G.
658 2359 679 2381 ¹¹
703 2353 901 2406 quiddam
914 2352 1027 2394 Jens.

362 2515 444 2550 -11,
489 2514 559 2553 34.
623 2500 715 2552 Sed,
750 2502 815 2544 uti
853 2502 961 2552 dixi,
996 2500 1195 2542 ἰδιανόητον

362 2557 473 2614 quid
509 2558 577 2602 hic
611 2558 674 2608 fit,
707 2575 789 2602 non
824 2560 1049 2618 perspici03
1096 2559 1194 2616 quis

368 2617 558 2659 occultus
599 2616 639 2658 in
678 2619 813 2661 verbis
854 2620 1005 2676 apertis
1042 2617 1193 2667 senliis,

369 2687 451 2716 non
471 2676 643 2731 reperio.

430 2747 503 2774 20.
531 2732 712 2789 fingitur
748 2733 793 2776 in
826 2733 995 2791 scholis]
1046 2733 1190 2776 Etiam

364 2789 436 2833 hic
456 2790 622 2833 asellum
642 2792 784 2834 docuit
804 2802 1011 2851 parentem
1031 2805 1192 2849 currere

367 2846 494 2890 frenis
514 2850 672 2892 amicus
692 2866 826 2900 meus,
839 2865 933 2893 cum
954 2850 1192 2904 persuadere

369 2906 473 2948 mihi
493 2907 641 2957 voluit,
662 2909 749 2950 haec
770 2909 910 2957 verba,
937 2909 992 2951 Et
1011 2907 1080 2966 qui
1093 2909 1193 2965 fitos

368 2962 596 3022 —ctcbaffl,
617 2966 688 3008 effe
718 2967 940 3024 scriptoris,
973 2982 1096 3023 quem
1127 2981 1191 3008 re-

366 3021 591 3079 prehendat
620 3024 791 3074 Fabius,
813 3026 886 3081 qui
915 3023 1111 3067 debuisset
1133 3024 1191 3066 ita

369 3081 557 3130 scribere,
579 3081 844 3124 Declamator
860 3082 1003 3139 aliquis
1021 3081 1189 3148 inscho-

367 3137 413 3180 la
443 3137 586 3194 fingit,
625 3139 851 3196 quempiam
881 3142 1017 3199 stcpra
1064 3142 1189 3198 tpficm

367 3195 536 3254 cuhaffi‚
555 3195 740 3255 ipfiusque
769 3206 888 3240 artus
921 3199 1050 3257 morfia
1079 3199 1187 3241 lace-

369 3254 488 3310 ruffe.
551 3255 682 3306 Mihi,
725 3265 772 3297 ut
811 3256 915 3306 dixi,
946 3271 989 3298 n.
1027 3255 1057 3299 l.
1111 3256 1188 3299 Sed

367 3310 445 3353 hoc
467 3311 600 3363 video,
621 3314 672 3355 ab
694 3313 785 3355 aliis
806 3328 970 3371 quoqne
999 3314 1188 3357 observa-

365 3377 476 3419 tum,
499 3369 606 3412 infra
628 3374 669 3420 8,
694 3387 732 3424 5,
756 3387 826 3424 23,
861 3372 1032 3426 ejusdem
1054 3372 1187 3430 hypo-

364 3426 519 3468 theseos
549 3437 590 3470 et
619 3427 796 3471 hominis
817 3429 902 3472 fieri
923 3431 1186 3482 mentionem,

366 3485 433 3525 cui
445 3492 572 3540 pater
588 3488 671 3543 sua
687 3486 864 3529 membra
884 3486 1088 3531 laceranti
1104 3502 1187 3530 ve-

364 3556 509 3584 nenum
539 3544 660 3587 dedit.
726 3545 954 3589 Tracti-atur
986 3547 1072 3590 haec
1100 3546 1187 3605 spe-

1277 2501 1359 2543 cies
1381 2500 1503 2544 etiam
1522 2501 1566 2543 in
1589 2502 1749 2546 senecae
1767 2503 2097 2548 Exe.Contro·v.

1281 2574 1322 2612 3,
1345 2575 1387 2612 7.
1422 2560 1482 2601 sed
1514 2560 1619 2602 nihil
1646 2561 1742 2602 inde
1770 2560 1876 2605 lucis
1905 2563 1958 2605 ad
1981 2572 2100 2607 zene-

1275 2617 1371 2659 bras
1392 2617 1515 2660 Fabii
1531 2617 1823 2662 discutiendas.
1976 2616 1986 2622 ⁴

1336 2691 1407 2717 20.
1440 2690 1495 2719 ex
1514 2675 1684 2734 ancipiti
1701 2678 1873 2736 diserta]
1905 2677 2097 2734 Παςείῖολι

1275 2735 1421 2776 Graeci
1439 2744 1605 2785 vocant,
1623 2733 1690 2777 vel
1707 2736 2096 2790 napausunamvuin.

1275 2791 1376 2835 Vid.
1411 2791 1461 2833 ad
1499 2807 1542 2838 2,
1569 2808 1639 2844 11,
1673 2808 1712 2846 3.
1760 2794 1834 2835 ubi
1863 2805 1894 2836 a
1918 2791 2098 2851 pericula

1266 2849 1355 2906 peti
1366 2849 1546 2908 vptz'mas
1550 2851 1779 2909 sententias
1799 2850 1841 2893 id
1860 2865 1991 2910 genus
2001 2866 2096 2895 ora-

1273 2919 1380 2950 tores
1414 2919 1577 2966 pntant.
1642 2910 1718 2951 Sed
1753 2909 2013 2954 vide.totum
2033 2908 2095 2952 lo-

1272 2982 1382 3008 cum.
1417 2967 1534 3027 Qid
1553 2967 1602 3010 ad
1628 2969 1946 3010 concinnitatem
1963 2968 2095 3022 majo-

1272 3039 1356 3066 rem
1382 3025 1479 3067 huic
1508 3024 1600 3068 loco
1629 3026 1927 3069 conciliandam
1949 3026 1992 3068 in
2009 3025 2094 3069 lec-

1268 3084 1383 3125 tione
1400 3082 1647 3126 mntandum
1675 3085 1871 3136 censeam,
1889 3085 2011 3143 supra
2030 3084 2094 3128 in-

1268 3140 1422 3184 dicavi.
1973 3144 1977 3147 ’

1331 3214 1403 3252 23.
1444 3198 1601 3256 etiamst
1645 3199 1699 3244 in·
1734 3213 1829 3243 eam
1872 3213 1951 3242 non
1985 3199 2090 3256 ina]

1271 3258 1456 3300 Verbum
1473 3257 1711 3303 intendatur
1730 3259 1781 3300 ad
1814 3257 1998 3301 animum
2026 3272 2092 3301 re-

1270 3314 1406 3368 spicit,
1426 3315 1501 3372 qui
1520 3314 1747 3359 intenditur
1772 3315 1818 3358 in
1849 3314 2088 3360 orationem.

1271 3373 1416 3430 Neque
1435 3383 1571 3416 tamen
1592 3389 1672 3416 non
1702 3389 1841 3418 verum
1868 3373 1938 3424 est,
1960 3374 2091 3432 quod,

1269 3431 1504 3473 observante
1521 3431 1587 3474 hic
1608 3434 1697 3475 viro
1709 3435 1885 3483 summo,
1902 3432 2091 3475 Heinsius

1269 3489 1413 3531 docuit
1433 3489 1485 3531 ad
1504 3490 1602 3532 Val.
1626 3489 1692 3533 F12
1717 3507 1759 3544 7,
1784 3504 1883 3542 114,
1908 3490 2092 3536 absolut-c

1269 3546 1565 3605 nonnunquam
1585 3548 1662 3606 lice
1684 3550 1853 3592 verbum
1874 3550 1987 3607 poni.
2057 3559 2070 3574 ’
