2320 4030
449 458 456 464 .
487 425 587 464 latus
615 425 863 476 Hermagora
892 439 930 473 1,
954 436 993 479 5,
1016 426 1098 476 61.)
1123 423 1163 476 2,
1190 436 1254 480 15,

492 491 1181 533 14.2,21‚21.3,3,9.3,5‚4
1212 495 1251 531 3,

488 536 532 580 6,
553 546 598 574 21
624 542 672 572 et.
677 543 728 584 52
748 542 783 571 et
803 542 852 584 55
873 542 909 572 et
930 537 993 585 58.
1001 534 1088 588 fi‘q·
1127 548 1166 584 3,
1191 549 1252 584 11,

452 619 455 622 ,
493 586 875 638 1ι13ε118ε122
918 599 1018 637 5,9,
1043 601 1104 628 12
1147 603 1250 651 9,2,

452 671 455 675 .
491 642 585 679 106.
637 641 731 679 fecit
758 640 867 679 velut
895 642 1095 691 propriam
1122 644 1248 691 viam,

451 724 455 728 .
487 706 612 743 quam
630 695 792 744 plurimi
814 695 903 732 sunt
921 695 1041 733 secuti
1065 709 1099 744 3,
1127 700 1249 739 1,16.

487 759 640 786 nornen
677 745 810 788 ςσίσεως
849 761 932 786 11011
977 750 1155 798 primum
1198 752 1248 789 ab

486 799 735 850 Hermagora
762 802 951 842 traditum
980 812 1124 852 putant
1144 815 1183 851 3,
1207 806 1247 851 6,

455 892 459 895 ,
489 867 527 903 3.
581 855 679 892 vitio
697 854 782 900 illo,
804 867 884 904 quo
905 867 972 904 per
993 857 1169 894 minutas
1190 870 1248 895 re-

486 920 578 946 rum
607 908 817 958 particulas
837 910 936 947 ratio
961 910 1129 950 docendi
1151 923 1247 949 con-

485 962 645 1007 ciditur,
665 962 864 1012 praecipue
891 962 1098 1009 laboravit,
1119 965 1179 1002 vir
1206 977 1247 1002 a·

481 1015 609 1066 lioqui
629 1015 780 1053 subtilis
798 1024 838 1053 et
857 1016 899 1053 in
918 1015 1100 1065 plurimis
1119 1018 1248 1056 admi-

449 1102 452 1104 ,
480 1069 645 1114 santius,
675 1077 839 1112 tanturn
875 1069 1090 1117 diligentiae
1125 1073 1247 1110 nimi-

484 1134 557 1160 um
591 1122 777 1160 solicitae:
817 1130 863 1160 ut
896 1123 979 1172 ipsa
1008 1123 1094 1171 ejus
1121 1137 1248 1175 repre-

482 1176 623 1215 hensio
655 1175 771 1214 laude
803 1175 938 1224 aliqua
965 1189 1047 1214 non
1082 1178 1261 1228 indigna·

450 1266 455 1271 ,
482 1229 531 1267 fit
561 1241 602 1278 3,
639 1242 710 1275 11,(
738 1241 800 1268 22.
857 1231 906 1267 de
937 1238 1018 1268 arte
1052 1231 1248 1271 rhetorica

448 1311 452 1314 -
482 1282 714 1323 mirabiliter
741 1282 872 1321 multa
898 1285 1124 1332 composuit
1146 1297 1182 1334 3,
1204 1296 1245 1336 5,

487 1348 549 1386 14.
605 1337 654 1374 de
681 1336 790 1375 libris
817 1338 1041 1384 nonnullis,
1061 1338 1144 1386 ejus
1174 1353 1248 1377 no-

483 1393 601 1436 mine,
627 1391 838 1441 inscriptis,
867 1391 1057 1428 dubitatur
1089 1406 1138 1429 an
1172 1394 1247 1443 ejus

465 1445 589 1495 snt?
631 1457 670 1493 3,
709 1453 747 1494 5,
786 1456 845 1495 14.
900 1445 935 1482 ei
966 1446 1147 1487 maxime
1177 1459 1247 1497 par

449 1538 452 1541 Α
481 1507 604 1547 atque
633 1497 809 1536 aemulus
836 1499 991 1536 videtur
1025 1501 1246 1539 Athenaeus

468 1552 592 1593 fuifl‘e
631 1564 670 1599 3,
714 1564 745 1594 1,
786 1552 846 1589 16.
915 1553 1054 1590 Cicero
1090 1554 1244 1593 secutus

446 1637 452 1642 .
481 1618 579 1644 eum
611 1617 648 1653 3,
680 1606 719 1650 6,
751 1608 815 1654 58.
865 1617 900 1652 3,
927 1618 990 1651 11,
1020 1608 1078 1645 18.
1136 1608 1244 1646 idem

481 1659 566 1706 ejus
596 1669 792 1708 praecepta
820 1660 860 1696 in
890 1659 1023 1708 aliqua
1051 1669 1159 1709 parte
1186 1675 1244 1699 re-

480 1713 690 1762 prehendit
720 1724 758 1760 3,
782 1721 816 1762 5,
843 1721 904 1763 15.
961 1721 997 1750 et
1025 1714 1072 1750 ab
1103 1729 1140 1752 eo
1173 1714 1245 1768 dis-

444 1767 588 1818 ‚fintit
607 1778 646 1815 3,
674 1777 736 1810 11,
764 1768 824 1804 18.

420 1841 642 1853 .-.-.----
670 1819 777 1862 alius,
826 1820 1028 1858 Theodori
1075 1821 1243 1861 Gadarei

479 1873 710 1924 discipulus,
738 1885 864 1923 quem
891 1881 1046 1923 tempore
1073 1875 1244 1914 &uinfri-

480 1928 574 1966 liam·
593 1935 702 1966 erant
723 1928 793 1976 qui
812 1927 995 1966 vidissent
1015 1940 1052 1976 3,
1079 1941 1114 1976 1,
1139 1931 1202 1968 18.

659 1982 750 2020 sunt
768 1981 943 2032 inscripti
961 1982 1127 2026 nomine
1142 1983 1244 2022 Her-

479 2047 652 2085 magorae
685 2034 790 2083 libri,
819 2036 888 2084 qui
918 2035 1164 2074 confirmant
1195 2037 1242 2075 il-

478 2090 564 2129 lam
590 2089 841 2139 opinionem,
861 2088 940 2127 five
965 2088 1084 2127 falsus
1111 2091 1166 2128 est
1194 2092 1243 2129 ti-

446 2136 449 2139 ’
477 2144 604 2189 tulus,
631 2142 715 2182 five
743 2141 846 2181 alius
877 2143 945 2181 hic
978 2143 1242 2195 Hermagoras

477 2199 554 2236 fuit
575 2209 610 2245 3,
633 2206 672 2246 5,
699 2208 762 2246 14.-v
893 2220 897 2223 -

425 2251 685 2300 Hermagorei
693 2251 733 2303 s.
750 2249 1040 2299 Hermagoram
1059 2250 1180 2290 secuti
1202 2264 1241 2301 3,

444 2341 446 2344 >
485 2317 520 2352 1,
548 2307 608 2344 16·
654 2316 695 2353 3²
720 2313 754 2353 5⁹
774 2315 815 2354 4·
859 2313 899 2351 7³
921 2317 962 2353 42
983 2316 1024 2353 4·

423 2359 665 2400 Herodotus,
687 2357 885 2406 historicus,
902 2357 1090 2406 judicium
1116 2358 1159 2396 de
1186 2374 1239 2406 eo,

439 2446 443 2450 .
477 2422 513 2451 et
542 2411 751 2464 dfflrentia
783 2426 807 2448 a
833 2411 1071 2461 Thucydide
1103 2425 1166 2459 10,
1201 2426 1239 2461 1,

443 2502 451 2510 ,
473 2476 547 2515 73,
595 2479 649 2504 ‚an
668 2477 811 2514 parum
830 2465 1021 2503 studiosus
1043 2466 1242 2516 001111106-

475 2520 597 2558 tionis
633 2519 781 2557 fuerit?
822 2531 862 2568 9,
897 2530 940 2568 4,
981 2521 1057 2558 16..
1113 2519 1155 2557 in
1192 2532 1240 2559 eo

477 2586 574 2613 curn
612 2573 752 2610 omnia
786 2571 928 2609 leniter
963 2571 1112 2619 fluunt,
1148 2581 1239 2612 turn

473 2629 560 2679 ipsa
576 2624 766 2666 ’διάλεκτος
787 2626 907 2664 habet
933 2638 1025 2664 eam
1049 2626 1240 2675 jucundi-

443 2721 445 2723 ,
476 2691 615 2723 tatem,
635 2687 682 2718 ut
707 2679 876 2718 latentes
902 2680 1026 2718 etiam
1050 2691 1239 2725 numeros

446 2775 448 2778 f
475 2734 692 2784 complexa
715 2732 894 2771 videatur
911 2747 949 2783 9,
970 2745 1011 2783 4,
1036 2745 1097 2785 19.
1153 2746 1238 2773 non

474 2790 704 2838 indignetur
730 2787 802 2825 fibi
829 2787 976 2836 aequari
1006 2786 1056 2826 T.
1077 2788 1237 2828 Livium

480 2855 544 2888 10,
572 2854 608 2888 1,
632 2853 721 2881 101.

421 2897 606 2937 Heroum
629 2893 766 2935 laudes
786 2894 888 2932 inter
913 2894 1098 2933 convivia
1117 2906 1236 2936 cane-

419 2960 425 2969 *
473 2951 620 2989 bantur
643 2961 679 2994 1,
705 2959 854 2989 10,10.

419 3003 583 3043 Heroici
605 3010 732 3055 poetae
754 3013 818 3047 10,
843 3013 881 3047 1,
906 3010 950 3050 51
975 3009 1009 3039 et
1029 3002 1095 3041 88.

419 3057 635 3105 Hefiodus,
648 3063 772 3106 poeta,
792 3054 835 3092 de
849 3068 952 3115 ...quo
954 3054 1132 3099 iudicium
1144 3057 1234 3108 fer-

472 3120 536 3149 tur
563 3118 776 3159 10‚1,.52
833 3109 986 3158 primus
1013 3100 1152 3147 11υᾶ01
1176 3110 1233 3147 fa-

471 3164 660 3203 bularum
690 3171 730 3214 5,
760 3173 823 3207 11,
856 3174 916 3212 19.
973 3160 1164 3203 ὑποθήκας
1193 3176 1233 3200 e..

464 3219 534 3268 jus
587 3217 678 3263 effe,
734 3215 893 3265 negavit
949 3215 1235 3265 Aristophanes

471 3270 771 3311 Grammaticus
805 3282 839 3315 1,
867 3280 905 3315 1,
940 3277 999 3318 15.
1054 3269 1170 3308 datus
1196 3271 1231 3308 ei

470 3325 609 3377 palma
627 3325 670 3362 in
689 3322 759 3361 illo
777 3322 912 3361 medio
929 3323 1086 3361 dicendi
1113 3334 1233 3374 gene·

468 3392 510 3418 re
534 3390 597 3425 10,
622 3390 657 3422 1,
677 3386 744 3426 52.

413 3433 603 3483 Hippias
606 3404 743 3474 Eleus,
763 3429 881 3467 rhetor
901 3442 940 3478 3,
965 3442 1002 3476 1,
1027 3441 1087 3468 10
1146 3442 1230 3469 11011

467 3484 694 3526 liberalium
748 3484 870 3523 modo
928 3482 1228 3532 disciplinarum

467 3551 549 3590 pree
568 3539 605 3576 se
632 3537 838 3575 scientiam
866 3535 974 3582 tulit,
995 3537 1059 3574 sed
1077 3538 1227 3576 vestem

465 3601 502 3632 et
522 3590 722 3632 annulum
741 3590 1008 3642 crepidasque,
1029 3601 1121 3640 quae
1138 3602 1227 3631 om·-

449 309 526 346 160
862 333 864 335 .
949 302 1180 356 mnex
1235 302 1666 356 Anerontrm,

1391 421 1460 468 xiia
1487 442 1613 469 manu
1641 430 1710 468 sua
1735 430 1896 479 secatae,
1919 432 1960 470 in
1987 433 2061 472 usu
2080 435 2156 472 ha«

1353 481 1493 529 buit,
1514 493 1634 533 atque
1666 485 1721 522 ita
1753 484 1790 522 se
1823 488 2072 535 praeparavit,
2101 500 2154 526 ne

1388 535 1505 584 eujus
1532 537 1689 576 alterius
1716 549 1793 587 ope
1812 548 1956 614 egeret,
1974 552 2078 579 neve
2091 541 2155 580 ul-

1387 587 1464 628 lius
1485 589 1538 629 rei
1562 603 1604 629 1
1586 618 1622 633 ..,
1649 603 1712 636 11,
1735 603 1801 632 21.

1335 642 1614 694 Hippocrates,
1652 644 1781 684 clarus
1817 653 1899 683 arte
1937 617 2153 687 medicina

1387 709 1428 744 3,
1449 698 1484 740 6,
1507 701 1574 746 63.
1628 699 1783 738 videtur
1808 699 2076 742 honestiffime
2092 701 2150 740 fe-

1385 749 1492 798 ciffe,
1513 752 1582 800 qui
1601 751 1794 801 quosdam
1813 764 1974 801 errores,
1992 766 2044 792 ne
2061 754 2151 805 pos-

1384 805 1455 844 teri
1473 811 1661 851 errarent,
1681 806 1874 845 confeffus
1893 808 1948 845 est
1966 806 2059 851 ibid.

1331 856 1485 896 Hirtius
1515 857 1556 895 in
1587 858 1755 896 Pansam
1785 859 2016 899 declamans
2045 861 2148 910 8,.3,

1385 919 1449 960 54.
1504 923 1601 949 eum
1630 912 1768 953 Cicero
1795 914 1838 951 in
1866 924 2021 955 morem
2046 925 2148 964 pras-

1385 966 1552 1014 ceptoris
1580 967 1759 1003 exercuit
1790 979 1854 1015 12,
1879 979 1942 1013 11,
1962 967 2002 1006 6.
2028 990 2031 994 ·
2057 967 2153 1020 quid

1385 1017 1428 1055 in
1453 1018 1523 1056 illo
1549 1019 1820 1058 emendaverit
1842 1020 2020 1062 Cicero?
2020 1022 2086 1070 8,
2109 1033 2146 1070 3.

1331 1080 1456 1177 Ηὶῗζο
1486 1125 1526 1171 6,
1561 1137 1600 1174 3,
1631 1137 1721 1164 100.
1774 1126 1985 1174 Romanus
2017 1122 2149 1177 Hispo

1382 1178 1431 1228 ss
1457 1178 1552 1216 inter
1578 1172 1836 1218 declamatores
1853 1181 2015 1219 Senecae.
2067 1181 2146 1225 'Ik-

1383 1232 1532 1273 tentius
1557 1232 1684 1284 Hispo
1707 1233 1787 1273 Cic.
1808 1233 1914 1273 Fam.
1940 1246 2003 1284 13,
2024 1235 2091 1286 65.
2111 1243 2148 1273 et

1381 1285 1491 1325 alias.

1328 1338 1500 1378 Historia
1543 1338 1646 1379 alere
1691 1341 1916 1380 orationem
1965 1320 2144 1392 quodam

1381 1392 1494 1432 molli
1509 1392 1774 1443 jucundoque
1791 1394 1910 1433 succo
1927 1396 2055 1445 potest
2067 1407 2143 1442 10,

1385 1459 1422 1494 1,
1447 1459 1510 1495 31.
1546 1447 1639 1499 cerff.
1662 1449 1766 1495 3,8,
1787 1448 1852 1496 67.
1867 1448 1978 1502 ſseqq·
2007 1449 2144 1495 „Lati-

1380 1514 1428 1537 m
1452 1513 1573 1548 10,1,
1596 1512 1685 1549 101.
1693 1501 1803 1555 stqq.
1830 1501 1917 1540 add.
1919 1501 2026 1546 Ind-
2038 1503 2083 1545 Ι..

1327 1554 1513 1593 Historici
1539 1567 1576 1602 1,
1599 1548 1639 1601 6,
1663 1560 1700 1594 2.
1748 1567 1787 1603 2,
1807 1567 1850 1604 4,
1875 1567 1959 1607 19.
1970 1567 2024 1606 4,
2038 1569 2082 1603 2,
2097 1568 2143 1606 3.

1379 1610 1422 1655 8,
1444 1608 1483 1654 6,
1505 1609 1568 1657 65.
1622 1619 1686 1669 10,
1721 1621 1757 1656 1,
1787 1620 1875 1650 101
1917 1621 1994 1656 ,12,
2012 1622 2067 1656 2,
2064 1622 2143 1649 ·.22

1379 1661 1600 1711 reprehensi
1628 1662 1727 1700 circa
1758 1661 2004 1713 dimetfionem
2038 1663 2148 1711 insu·

1352 1751 1355 1755 ⁴
1380 1714 1513 1754 larum
1536 1728 1574 1764 1,
1601 1727 1662 1760 10,
1683 1727 1751 1765 40.
1780 1729 1825 1754 v.
1843 1730 1885 1755 n.

1328 1767 1547 1807 Histriones
1565 1785 1577 1807 z
1604 1769 1686 1807 vid.
1708 1769 1798 1808 lnd„
1817 1769 1852 1808 1.

1327 1820 1531 1861 Homerus
1564 1835 1601 1870 r,
1630 1831 1671 1872 5,
1700 1824 1766 1870 67.
1816 1835 1880 1870 10,
1913 1836 1951 1871 1,
1978 1830 2048 1874 57.
2077 1824 2146 1865 62.

1379 1876 1498 1915 verba
1515 1876 1590 1927 qius
1609 1875 1747 1916 Latfne
1769 1888 1835 1920 10,
1855 1879 1979 1927 1,·’46.
2018 1889 2060 1916 11
2068 1903 2081 1924 ,
2103 1889 2145 1927 3,

1385 1931 1475 1980 158.
1526 1943 1591 1977 12,
1633 1942 1692 1972 10,
1723 1932 1790 1981 64.
1859 1943 1992 1970 nonus
2026 1930 2143 1978 liber,

1380 1995 1461 2034 quo
1499 1984 1613 2023 miffa
1657 1983 1708 2022 ad
1752 1983 1958 2025 Achillem
1999 1983 2148 2034 legatio

1379 2038 1611 2076 continetur
1635 2050 1760 2085 10,1,
1778 2048 1847 2088 47.
1887 2038 2077 2089 judicium
2099 2039 2147 2077 de

1379 2089 1443 2127 illo
1457 2092 1496 2143 s
1520 2091 1643 2141 potius
1670 2090 1793 2129 laudes
1817 2091 1895 2156 fjus
1927 2104 1992 2144 10,
2015 2104 2055 2140 1,
2073 2089 2144 2143 48.

1365 2143 1475 2197 fiqq.
1497 2146 1562 2185 86.
1609 2153 1721 2195 poeta
1739 2160 1819 2183 κατ’
1817 2141 1968 2195 ’ἐξοχὴν
1988 2148 2030 2194 8,
2047 2155 2088 2197 5,
2102 2158 2144 2195 9.

1377 2212 1457 2236 eum
1483 2198 1635 2260 semper
1660 2199 1794 2249 excipi
1821 2210 1892 2249 par
1916 2200 1974 2238 est
2003 2211 2091 2250 10,
2101 2212 2143 2248 1,

1378 2253 1443 2301 65.
1499 2252 1538 2290 in
1565 2267 1602 2290 eo
1631 2251 1782 2293 nullius
1809 2265 1893 2291 non
1915 2253 2140 2298 &thyesti-

1375 2306 1441 2354 gia
1459 2306 1811 2356 deprehenduntur
1837 2319 1874 2350 2,
1898 2316 1962 2355 17,
1982 2309 2022 2346 8.
2074 2320 2139 2356 12,

1381 2371 1444 2405 11,
1479 2373 1543 2399 21.
1616 2359 1740 2411 poesis
1773 2360 1823 2399 ab
1856 2371 1905 2398 eo
1936 2361 2138 2410 fastigium

1375 2415 1532 2463 accepit
1563 2425 1623 2456 12,
1647 2426 1709 2467 11.
1729 2414 1795 2454 26.
1849 2414 2040 2459 omnibus
2056 2415 2141 2456 elo-

1377 2468 1552 2516 quentiae
1571 2468 1745 2517 partibus
1765 2467 2063 2519 exemplumet
2076 2481 2140 2508 or-

1374 2527 1466 2560 tum
1498 2521 1608 2560 dedit
1641 2533 1702 2565 10,
1736 2533 1774 2567 1,
1798 2523 1867 2572 46.
1901 2522 2141 2567 „insanius-

1375 2586 1454 2624 que
1483 2574 1536 2612 sui
1563 2576 1691 2624 operis
1710 2574 1876 2624 ingreffu
1895 2575 2139 2625 pauciffimis

1376 2627 1549 2667 versibus
1566 2628 1698 2678 legem
1727 2629 2032 2679 prooemiorum,
2052 2641 2137 2671 non

1374 2681 1480 2729 dico,
1501 2683 1680 2729 servavit,
1702 2681 1767 2722 sed
1784 2682 1988 2729 constituit
2010 2695 2076 2731 10,
2101 2696 2135 2726 1.

1372 2736 1441 2784 48.
1487 2736 1581 2788 ⁶⁰²!f·
1619 2748 1662 2786 4,
1701 2748 1734 2779 1,
1771 2748 1834 2786 34.
1888 2736 2137 2776 validiflimae

1373 2789 1565 2839 cujusque
1585 2790 1724 2829 formae
1743 2797 1899 2829 amator
1922 2803 1985 2837 12,
2012 2802 2074 2838 10,
2096 2800 2135 2841 5.

1372 2842 1420 2879 ab
1451 2843 1514 2880 hoc
1547 2843 1777 2894 incipienda
1808 2843 1925 2882 1οἂἰο
1961 2845 2063 2888 1,,8,
2084 2854 2134 2895 ,5.

1375 2908 1439 2944 10,
1465 2909 1502 2943 1,
1525 2898 1589 2947 85.
1645 2898 1684 2935 in
1711 2897 1839 2951 quibus
1865 2909 1949 2936 non
1972 2897 2136 2939 imitan-

1370 2949 1476 2988 dus?
1505 2952 1541 2994 8,
1563 2951 1600 2993 6,
1624 2953 1686 2990 18.
1741 2951 1953 2990 dormitare
1971 2952 2132 2993 interim

1371 3003 1539 3041 Horatio
1556 3004 1712 3043 videtur
1736 3017 1798 3051 10,
1825 3017 1861 3051 1,
1883 3017 1949 3055 24,
2001 3005 2134 3049 versus

1370 3056 1556 3105 Homeri,
1574 3069 1657 3107 quo
1683 3058 1776 3097 vieti
1805 3058 1855 3097 ab
1879 3058 2135 3099 Athenie'nfi-

1367 3109 1444 3149 bus
1473 3110 1664 3160 Megarei,
1683 3112 1752 3161 qui
1780 3119 1917 3151 tamen
1944 3112 2024 3163 ipse
2037 3123 2132 3156 ,uon

1369 3163 1412 3201 in
1439 3166 1552 3203 omni
1581 3165 1754 3203 editione
1781 3166 1970 3215 reperitur
1999 3174 2038 3216 5,
2063 3179 2128 3213 11,

1367 3228 1434 3266 40.
1489 3219 1537 3256 de
1570 3218 1693 3256 tribus
1729 3219 1939 3268 generibus
1971 3219 2132 3262 dicendi

1370 3285 1411 3316 2,
1437 3281 1500 3319 17,
1522 3273 1561 3311 8.
1612 3284 1676 3320 12,
1701 3284 1768 3320 10,
1787 3274 1853 3322 64.
1910 3272 2130 3312 Homerica

1367 3324 1565 3374 dispositio
1598 3334 1640 3375 5,
1679 3338 1743 3372 12,
1781 3337 1842 3376 14.
1892 3334 2028 3377 7,<10,
2064 3339 2129 3368 11.

1365 3378 1533 3425 facultas
1576 3378 1789 3429 eloquendi
1836 3378 2056 3426 Homerica
2098 3381 2128 3420 i.

1365 3431 1502 3470 divina
1540 3442 1602 3478 10,
1638 3444 1675 3480 1,
1705 3433 1770 3470 81.
1825 3432 1874 3470 de
1906 3434 2128 3483 Agamem-

1365 3497 1472 3523 none
1497 3494 1619 3535 atque
1645 3485 1823 3533 Achille,
1842 3486 2020 3536 itemque
2042 3487 2129 3538 Ty..

1362 3539 1439 3576 deo
1472 3550 1509 3587 3,
1543 3539 1680 3587 7,'12.
1732 3539 1906 3584 Phoenix
1937 3539 2128 3580 Homeri-

1362 3603 1435 3632 cus
1456 3603 1492 3637 2,
1514 3605 1553 3643 3,
1573 3601 1668 3633 extr.
1699 3604 1736 3638 2,
1761 3602 1824 3642 17,
1845 3595 1884 3634 8.
1938 3593 2129 3637 caelatura
