2320 4030
628 307 910 363 INST‘IT.
944 307 1293 367 ORATOR.
1329 308 1469 358 LIB.
1502 308 1580 359 X(
1607 325 1650 359 1.
1918 309 2013 363 181

287 442 640 504 Athenienses
675 449 979 522 permisere-5
999 447 1224 520 suntque
1262 462 1339 508 eo'
1363 440 1528 500 modo
1563 440 1725 499 multi
1747 446 2017 521 coronatig·

198 520 266 594 67
290 522 395 575 Sed
418 514 795 595 longeclarius
829 519 1218 586 illustraverunt
1248 517 1353 571 hoc
1389 536 1523 588 opus
1562 517 1813 589 Sophocles
1848 529 2010 590 atque

288 593 558 665 Euripides
576 614 594 646 .-
637 609 863 664 quorum
907 591 963 643 in
1002 589 1189 661 dispari
1227 588 1440 647 dicendi
1480 588 1566 643 via
1604 598 1724 641 uter
1757 588 1817 641 fit
1844 601 2012 661 poeta

286 663 496 733 melior,
521 664 662 717 inter
720 662 942 716 lurimos
972 660 1247 732 quaeritur.
1323 659 1495 732 quue
1520 676 1624 732 ego
1642 667 1663 690 '²
1700 658 1841 726 sane,
1867 672 2011 737 quo-'

285 734 433 787 niam
468 734 535 797 ad
567 753 674 807 prae
697 743 879 787 entem
903 733 1178 786 materiam
1205 730 1341 784 nihil
1373 729 2009 803 pertinet‚·injudicatum

284 804 576 879 relinqu0.·
627 804 769 858 Illud
809 802 1028 876 quidem
1066 821 1226 856 nemo
1269 821 1377 855 non
1421 801 1648 874 fateatur
1684 802 1884 855 neceffe
1915 803 2007 868 est,

285 875 374 941 iis,
399 876 494 949 qui
529 877 583 930 se
606 877 672 930 ad
697 877 968 949 agendum
995 887 1322 946 comparant,
1347 873 1618 927 utiliorem
1652 871 1817 945 longe
1848 873 2007 927 Euri-

196 947 264 1008 68
286 946 467 1019 pidem
491 947 623 1001 fore.
696 949 951 1021 Namque
975 946 1022 999 is
1047 956 1143 999 et¹
1177 946 1233 998 in
1261 946 1500 998 sermone
1529 943 1699 1017 (quod
1723 944 1890 1016 ipsum
1921 960 2013 998 re-·

283 1019 645 1090 prehendunt,
684 1019 882 1090 quibu-s
985 1017 1151 1070 avitas
1188 1027 1245 1070 et
1279 1016 1575 1070 cothurnus
1612 1026 1670 1069 et
1709 1016 1867 1069 sonus
1898 1017 2006 1070 So-

283 1089 497 1162 phoclis
533 1091 746 1144 videtur
783 1089 883 1143 effe
919 1035 1220 1156 ffiblimior)
1270 1088 1443 1170 magis
1485 1087 1694 1140 accedit
1713 1110 1715 1112 ¹
1735 1088 1962 1141 oratorio
1983 1099 2009 1121 ²

283 1162 470 1233 generi
492 1182 505 1214 :
546 1172 602 1215 et
624 1161 897 1215 sententiis
919 1160 1132 1226 densus,
1155 1170 1213 1212 et
1236 1158 1291 1212 in
1308 1169 1329 1192 ⁸
1364 1159 1449 1224 ιὶε,
1474 1177 1597 1230 quae
1623 1177 1654 1211 a
1686 1158 2009 1230 sapientibus

282 1232 478 1286 tradita
499 1234 638 1300 sunt,
660 1251 800 1305 -pene
825 1232 942 1304 ipfis
969 1250 1079 1309 par,
1107 1240 1162 1284 et
1185 1230 1238 1282 in
1277 1229 1506 1283 dicendo
1545 1247 1608 1282 ac
1644 1230 2009 1301 respondendo

285 1303 511 1358 cuilibet
549 1323 755 1370 eorum,
780 1304 874 1376 qui
913 1303 1132 1356 fuerunt
1162 1301 1225 1375 in·
1261 1300 1379 1354 foro
1415 1301 1591 1354 diserti
1612 1301 1655 1366 Ρ,
1693 1317 2008 1373 comparan-

285 1374 409 1428 dus.
484 1378 547 1429 In
583 1375 862 1429 affectibus
888 1393 1018 1428 vero.
1040 1393 1164 1427 cum
1202 1372 1668 1436 omnibus·mirus·,
1697 1383 1814 1425 tum
1839 1374 1895 1426 in
1920 1374 2006 1444 iis,

194 1447 263 1521 69
283 1445 379 1518 qui
397 1457 426 1488 ⁶-
459 1446 793 1500 miseratione
834 1447 1087 1510 constant,
1133 1443 1295 1498 facile
1341 1444 1662 1516 praecipuus,
1737 1445 1904 1505 Hunc
1953 1456 2008 1499 et

282 1517 616 1572 admiratus‘¹
659 1518 891 1572 maxime
930 1518 1000 1570 est
1047 1519 1136 1588 (ut
1179 1515 1314 1586 saepe
1355 1515 1589 1582 testatur)
1637 1513 2007 1583 ete'secutus,

283 1605 615 1663 quamquam
655 1590 711 1643 in
750 1608 783 1643 o
819 1607 907 1642 ere
946 1588 1170 1652 diversO,
1211 1587 1500 1640 Menander
1519 1609 1536 1640 .-
1590 1587 1683 1658 qui
1722 1587 1807 1641 vel
1846 1602 2008 1654 unus5

281 1675 408 1715 meo
444 1661 663 1734 quidem
697 1661 762 1733 ju
805 1661 929 1726 ‘cio,
969 1660 1064 1713 dili
1108 1668 1258 1712 enter
1292 1657 1486 1726 lectus,
1523 1655 1591 1712 ad
1616 1660 1844 1726 cuncta,
1883 1659 2009 1732 quae'

281 1732 623 1805 praecipimus
639 1732 676 1799 f,
702 1731 976 1786 efficienda
1000 1730 1057 1786 su
1113 1730 1251 1796 ciate
1288 1728 1365 1782 ita
1399 1747 1616 1783 omnem
1651 1730 1774 1784 vitae
1810 1729 2008 1804 imagi-'-

282 1803 708 1876 nemexpreffitz
747 1814 896 1868 tanta
930 1804 984 1856 in
1011 1820 1077 1857 eo
1101 1799 1405 1854 inveniendi
1432 1801 1600 1874 copia,
1619 1812 1684 1869 *et
1718 1803 2007 1874 eloquendi

281 1872 507 1928 facultas
531 1895 544 1928 ε
589 1875 668 1929 ita
690 1876 762 1929 est
778 1886 802 1920 8
834 1874 1097 1928 omnibus.
1123 1874 1300 1945 rebus,
1325 1872 1576 1944 personis,
1603 1873 1886 1927 affectibus?
1911 1893 2005 1928 ac·
2029 1937 2033 1942 .

192 1959 263 2027 70
283 1946 676 2000 commodatus·
748 1947 872 2000 Nec
912 1944 1048 1998 nihil
1069 1942 1331 2017 -profeC’to
1367 1943 1637 2010 viderunt,
1673 1945 1781 2017 qui·
1806 1946 2009 2007 oratio÷

284 2035 401 2085 nes,
428 2026 552 2091 quae
592 2018 805 2091 Charg'sti
841 2016 1060 2072 nomine
1101 2015 1352 2082 eduntur,
1389 2034 1422 2069 a
1452 2014 1755 2076 Menandro
1791 2016 2007 2090 scriptas

1331 2204 1350 2226 ²
1380 2200 1527 2241 'oratori
1545 2199 1650 2241 Jens.
1775 2202 1778 2205 '
1811 2205 1831 2229 ²
1863 2215 1932 2256 qm.
1952 2201 2006 2256 G.

1577 2261 1594 2280 ²
1625 2265 1723 2294 eum
1741 2252 1810 2307 t‘rfi
1830 2255 1881 2301 G·
1898 2257 2006 2309 Jens.

714 2207 739 2232 Χ
765 2210 805 2242 et
823 2201 867 2241 in
885 2217 955 2243 om.
975 2202 1028 2243 G.
1045 2202 1151 2242 Jens.

717 2261 736 2282 e
768 2269 867 2350 {luiz
878 2257 939 2352 251·
1038 2257 1058 2283 ὁ
1089 2255 1346 2335 admirandus
1362 2257 1469 2296 Jens.

338 2207 366 2228 ¹*
390 2217 462 2242 om.
483 2203 535 2243 G.

283 2253 305 2281 ⁸
334 2256 484 2296 disertis
500 2256 608 2296 Jens.

281 2307 303 2345 ἶ
325 2311 596 2365 praecepimus
612 2311 668 2351 G.

1184 2475 1396 2530 φυλάττειν,
1422 2477 1450 2530 {¹3
1478 2472 1536 2515 τόν
1560 2477 1625 2522 τ’νῖς
1654 2473 1797 2524 ardunae
1821 2491 2006 2530 ygaffpmq

1184 2530 1255 2570 ’νέοι
1273 2531 1598 2584 παραναγινώσκειν
1624 2533 1698 2574 τοῖς
1723 2530 2005 2584 ὑποκρινομένοις,

281 2473 463 2534 guadias,
499 2474 719 2520 viaoriam
752 2467 970 2519 retulisses
1003 2479 1103 2520 Cor-

281 2535 422 2577 rec‘Jas
451 2547 477 2575 a
503 2548 716 2591 quoquam
734 2546 817 2577 non
836 2535 999 2577 docent.
1043 2538 1102 2579 Et

281 2590 438 2649 habent
450 2591 539 2634 sane
559 2591 677 2635 illum
699 2592 930 2636 chamelera
949 2593 1102 2646 adhuc,

283 2650 398 2706 quod
429 2649 524 2692 sunt
553 2649 842 2708 grandilo'quae
874 2649 984 2694 ultra
1011 2666 1102 2694 mo·

281 2707 404 2758 dum,
438 2708 484 2751 id
520 2709 635 2765 quod
666 2708 749 2752 rifit
790 2709 902 2752 varie
937 2709 1101 2752 Aristo-

282 2765 439 2824 phanes
457 2767 501 2809 in
513 2766 670 2820 Ranis;
690 2782 732 2810 v.
750 2782 796 2825 g.
822 2770 923 2819 861,
944 2782 994 2810 ex
1013 2783 1104 2825 per-

283 2823 378 2867 sona
398 2824 616 2882 Euripidis
633 2835 756 2868 vocat
773 2840 884 2875 eum,
899 2825 1105 2879 Ἄνθρωπον

281 2880 489 2935 ιῖγριοποιδν,
526 2883 789 2934 αὔθαδόςομον,
820 2883 963 2938 Ἐχοντ)
1003 2883 1103 2936 dxci-

282 2944 388 2986 λινον,
413 2934 584 2989 ἀκρατὲς,
603 2935 792 2976 dorsum-ov
817 2937 935 2988 ς-όμα,
958 2937 1104 2990 'Ampr-

280 2991 454 3038 adan-ror,
472 2991 890 3043 κομποφακελοῤῥήμονα.
939 2990 1102 3033 Ultima

281 3061 365 3094 vox
385 3046 591 3105 eleganter
616 3057 733 3090 notat
762 3046 984 3116 composita
1011 3060 1099 3092 ma-

275 3105 385 3160 jora,
418 3105 614 3163 qualibus
647 3105 756 3149 ludit
787 3107 930 3150 Ansto
961 3107 1101 3158 hanes,

281 3163 328 3207 in
375 3178 421 3207 re,
465 3163 567 3207 seria
615 3165 812 3207 utebatur
851 3165 916 3208 ΖΕ
935 3163 1099 3224 chylus.

281 3223 432 3263 οίιειιλοι
477 3222 603 3273 enim,
653 3222 870 3267 Scholiaste
915 3223 1101 3274 docente,

280 3281 333 3318 τὸ
350 3278 461 3331 Bada
489 3281 516 3333 g
540 3279 772 3331 συνδεδεμένα
797 3281 924 3334 φορτία
949 3287 1018 3321 τῶν
1038 3282 1100 3332 ξύ-

279 3339 363 3374 λων.
405 3332 500 3389 Ipsa
517 3334 645 3377 etiam
670 3334 734 3377 lex
750 3349 833 3377 non
851 3335 1015 3378 videtur
1033 3334 1102 3378 fu-

280 3388 351 3432 iffe
367 3389 581 3434 diuturna.
620 3395 844 3451 Lycurgus
863 3402 972 3436 certe
991 3393 1102 3451 apud

255 3440 557 3492 *Plutarchum
577 3450 620 3494 in
639 3453 726 3493 vita
747 3466 790 3507 p.
813 3466 830 3493 ι
842 3464 943 3505 547,
957 3451 1096 3507 Steph.

280 3501 413 3560 legem
441 3505 534 3557 fert,
555 3511 625 3553 τὶς
656 3509 852 3561 Αἶσχύλυ,
874 3509 1101 3562 Σοφοκλέους,

280 3562 444 3616 chemise
467 3565 660 3620 τραγῳδίαις
685 3569 717 3605 ἐν
745 3565 838 3617 acnvs?
865 3564 1102 3619 γραψαμέναις

1187 2586 1310 2641 (dum
1354 2592 1538 2642 aguntur
1574 2581 1727 2627 fabulae
1772 2587 2006 2641 argumenti

1184 2643 1369 2699 cognati,
1391 2642 1468 2686 ·ve1
1508 2640 1696 2699 alioquin
1741 2642 1875 2700 plagii
1923 2642 2005 2685 sus-

1184 2701 1329 2759 pec'tae,
1349 2700 1466 2754 sim-ul
1490 2701 1684 2757 inspicere
1713 2699 1867 2743 librum
1886 2711 1928 2743 et
1947 2700 2005 2758 le-¹

1185 2759 1301 2817 gere)
1323 2757 1370 2797 ἐκ
1386 2760 1509 2810 ἐξεῖναι
1528 2762 1596 2811 γὰρ
1614 2758 1729 2804 αὐτοῖς
1745 2759 2003 2811 ὑποκρίνεσθαι.

1245 2819 1326 2870 67.·
1349 2823 1442 2860 uter
1455 2814 1514 2871 sti
1535 2822 1658 2873 poeta
1675 2813 1834 2869 melior]
1869 2815 1919 2858 Id
1939 2816 2006 2874 ip-

1185 2874 1274 2918 sum
1306 2876 1433 2925 varie,
1470 2873 1536 2916 sed
1561 2873 1734 2930 satyrice
1768 2882 1808 2916 et
1830 2873 2005 2917 ridicule

1184 2934 1381 2988 majorem
1411 2940 1586 2990 partem,
1619 2933 1804 2988 agitatur
1837 2932 1880 2974 in
1912 2932 2005 2975 lau-

1181 2991 1280 3034 data
1299 2990 1588 3048 Aristophanis
1609 2989 1823 3032 Ranarum
1842 2988 2003 3034 fabula.

1182 3049 1260 3092 Ad
1277 3049 1485 3108 agendum
1504 3048 1542 3091 se
1560 3048 1897 3105 comparantibus
1918 3049 2005 3091 uti·

1182 3107 1326 3152 liorem
1353 3107 1558 3160 judicavit
1587 3109 1714 3148 etiam
1746 3115 1787 3148 et
1817 3106 2005 3174 exemplo

1183 3166 1257 3208 suo
1273 3164 1496 3208 declaravit
1525 3165 1690 3214 Cicero,
1710 3166 1784 3221 qui
1810 3163 1913 3230 saepe
1932 3165 2006 3208 illo

1186 3233 1328 3270 utatur
1347 3235 1388 3266 et
1407 3223 1530 3281 ipsius
1554 3220 1769 3265 verficulos
1783 3222 2005 3279 tesstmonia

1176 3283 1356 3336 judicet,
1376 3291 1424 3324 ut
1452 3296 1500 3324 ea
1524 3280 1701 3339 appellat
1721 3281 1907 3339 Qintus
1927 3281 2004 3324 Ci-

1183 3355 1294 3391 cero,
1314 3338 1465 3383 Famil.
1493 3342 1563 3389 16,
1587 3342 1628 3380 8.

1243 3401 1267 3439 6
1275 3415 1297 3454 9
1306 3429 1317 3441 .
1336 3397 1587 3450 Menander]
1600 3395 1743 3439 Etiam
1754 3395 2004 3438 Plutarchus

1183 3455 1301 3499 illum
1329 3455 1448 3512 longe
1468 3454 1540 3513 ipsi
1554 3451 1734 3553 ¹‘praefert
1759 3453 2004 3511 Aristopha-

1183 3516 1243 3565 ni,
1265 3514 1335 3557 cui
1354 3524 1488 3556 tamen
1510 3527 1549 3554 re
1568 3512 1712 3571 pondit
1731 3512 2002 3555 Frischlinus.

1253 3587 1326 3623 70.
1377 3570 1550 3626 Charifii
1597 3568 1773 3624 nomine]
1839 3570 2004 3615 Laudat

1194 3660 1290 3716 N3
