2320 4030
436 349 497 397 28
813 353 889 404 M.
926 356 1136 407 FABII
1173 360 1749 421 QUINCTILIANI

432 492 533 548 tus,
559 494 613 538 et
642 498 851 568 patrare
875 491 1070 559 bellum,
1096 495 1232 566 apud
1269 498 1571 556 Sallustium
1595 503 1734 560 dieta
1763 507 1937 565 sancite
1958 521 2016 567 et
2036 533 2134 570 an-

425 552 598 625 tique,
621 557 857 612 ridentur
872 561 896 593 ‘¹
920 580 951 614 a
974 564 1146 630 nobiS,
1174 567 1206 617 fi
1234 567 1334 621 diis
1359 569 1562 639 placet5
1602 594 1762 646 quam
1787 580 1998 651 culpam
2008 602 2131 639 (non

426 622 767 680 scribentium
801 630 1017 702 quidem
1041 634 1247 704 judicO,
1270 637 1356 692 sed
1380 640 1675 712 legentium
1693 667 1708 711 3
1747 658 1923 709 tamen
1955 654 2127 710 vitan·
2150 676 2221 734 45

427 692 513 758 da,
539 708 798 766 quatenus
826 703 982 755 verba
1016 703 1225 758 honesta
1260 710 1496 763 moribus
1530 715 1876 785 perdidimus,
1904 733 1960 775 et
1980 726 2127 779 evin-

424 766 668 820 centibus
706 769 865 829 etiam
901 772 1042 826 vitiis
1079 777 1374 832 cedendum
1400 782 1470 833 est
1491 803 1504 834 ε
1524 785 1646 853 sive
1667 786 1918 858 jumstura
1952 794 2126 850 defor-
2153 839 2155 842 .

422 835 581 888 miter
604 837 767 902 sonat,
805 851 887 905 ut,
913 842 946 894 fi
973 865 1078 897 cum
1112 848 1380 902 hominibus
1415 853 1540 905 notis
1580 855 1712 928 loqui
1745 878 1846 914 nos
1875 863 2123 935 dicimus,

423 905 543 957 nisie
586 906 689 960 hoc
725 910 891 979 ipsum
919 914 1186 975 hominibus
1213 920 1448 974 medium
1475 923 1553 988 fit,
1577 924 1631 978 in
1657 930 1946 998 praefandaf
1976 936 2124 991 vide-

422 993 544 1028 mur
567 976 830 1043 incidere3
870 983 996 1052 quia
1018 984 1207 1039 ultima
1229 989 1413 1058 prioris
1435 993 1646 1064 syllabae
1679 998 1850 1069 litera,
1871 1023 1992 1074 quae
2025 1025 2124 1063 ex-

420 1044 598 1115 primi,
635 1049 725 1100 n-ifi
763 1049 954 1103 labris&
995 1059 1329 1125 coeuntibus,
1355 1080 1459 1114 non
1484 1067 1668 1135 potest,
1694 1081 1787 1124 aut
1825 1073 2124 1132 intersistere

416 1133 514 1167 nos
539 1116 946 1173 indecentiffime
969 1126 1136 1197 cogit,
1163 1139 1254 1181 aut
1276 1132 1617 1188 continuatah
1644 1157 1767 1193 cum
1795 1142 2119 1218 insequente,

417 1184 472 1237 in
492 1186 507 1217 ¹
533 1196 774 1242 naturam
793 1192 806 1224 ¹
831 1190 945 1263 ejus
966 1200 1338 1270 corrumpitur.
1392 1204 1532 1258 Aliae
1547 1215 1577 1239 ¹¹¹
1601 1209 2000 1281 conjunfifiones
2019 1218 2118 1273 ali-
2134 1232 2213 1296 46

414 1254 545 1324 quid
572 1258 732 1312 {imile
757 1260 977 1330 faciunt,
1003 1286 1134 1337 quas
1159 1270 1393 1343 persequi
1427 1275 1652 1348 longum
1687 1282 1775 1346 est,
1803 1283 1857 1338 in
1883 1304 1948 1338 eo
1974 1287 2120 1356 vitio,

411 1326 558 1395 quod
584 1327 853 1386 vitandum
879 1331 1104 1389 dicimus
1124 1347 1164 1402 ¹¹,
1188 1357 1595 1400 commorantes.
1651 1351 1759 1406 Sed
1783 1355 1957 1426 diviſse
1982 1378 2118 1430 quo-

411 1414 516 1466 que
534 1406 555 1430 ⁰
575 1398 724 1453 affert
767 1402 1006 1458 eamdem
1050 1407 1293 1478 injuriam
1333 1416 1540 1484 pudori,
1566 1430 1648 1484 ut,
1673 1422 1706 1474 fi
1744 1424 1928 1479 interca
1961 1430 2116 1485 adinis-

407 1464 735 1529 nominativo
762 1473 882 1527 casu
907 1477 1028 1547 quis
1051 1490 1247 1534 utatur.
1319 1485 1438 1539 Nec
1463 1487 1653 1560 scripto
1691 1494 1853 1548 modo
1889 1439 1960 1552 iaei)
1971 1501 2111 1555 acci·
2133 1526 2201 1581 47

402 1601 406 1605 ’
457 1619 477 1645 <¹
506 1621 725 1665 sidentibus
743 1626 770 1664 fi
791 1629 841 1667 c.
860 1630 965 1670 sens.
1074 1638 1090 1658 e
1122 1635 1191 1673 nifi
1213 1637 1291 1675 hoc
1309 1653 1377 1678 om.
1394 1638 1446 1679 G.
1571 1641 1590 1669 f
1612 1645 1678 1684 sic
1694 1647 1746 1687 c.
1763 1649 1810 1689 it.
1840 1651 1989 1692 ohan
2004 1655 2110 1706 plur.

396 1681 467 1730 A‘p·
488 1675 617 1715 Burm.
645 1681 806 1729 praefata
836 1683 903 1721 rel.
1011 1692 1032 1722 g
1058 1685 1166 1727 libris
1200 1691 1251 1728 G.
1282 1691 1424 1732 laboris
1453 1695 1558 1736 Jens.
1667 1700 1687 1724 ¹¹
1718 1703 1891 1752 cogitata
1916 1706 1971 1746 G.
2002 1710 2108 1751 sens.

399 1723 504 1802 :⁶⁶⁷7
527 1729 578 1821 (ὲ.
686 1732 695 1757 ¹
727 1742 868 1774 natura
886 1737 936 1775 G.
953 1739 1059 1778 Jens.
1168 1747 1198 1767 ¹¹²
1221 1744 1367 1795 aliquae
1385 1748 1437 1786 G.
1455 1749 1623 1802 aliaeque
1639 1754 1745 1794 Jens.
1852 1763 1873 1783 ¹¹
1895 1758 2043 1802 scimus
2056 1765 2107 1804 G.

450 1794 518 1820 om.
578 1811 589 1821 .

453 1916 529 1956 45.
560 1905 604 1948 in
624 1909 870 1966 pra-fanda]
902 1914 1069 1976 Qibus
1088 1916 1211 1962 hono'r
1287 1923 1379 1974 tici,
1398 1923 1531 1982 posuit
1561 1927 1664 1972 hanc
1695 1945 1854 1984 vocem,
1883 1935 1948 1980 sed
1974 1948 2104 1984 mate-

387 1959 629 2016 praesandus
646 1966 708 2016 fit,
725 1978 770 2009 ut
790 1969 899 2012 Plin.
921 1987 963 2024 7,
989 1987 1059 2026 51,
1077 1976 1107 2018 s.
1134 1992 1206 2031 52,
1286 1981 1443 2024 rialiter
1454 1984 1576 2027 etiam
1594 2001 1667 2042 pro
1685 1987 1722 2031 se
1738 1990 1837 2048 ipsa.
1861 1993 2102 2053 Significant

392 2021 499 2060 inter
509 2019 632 2076 figna
659 2023 795 2067 letalia
811 2025 983 2072 refertur
993 2035 1208 2089 praefandi
1284 2038 1394 2090 enim
1414 2050 1494 2083 tres
1519 2043 1752 2098 posteriores
1784 2049 1948 2104 syllabae
1975 2052 2099 2099 fimile

391 2072 566 2120 humoris
583 2093 606 2120 e
623 2088 784 2138 corpore
799 2085 1028 2138 effluvium.
1284 2096 1483 2150 quiddam
1503 2100 1557 2150 ei,
1589 2103 1701 2158 quod
1731 2105 1825 2149 duae
1857 2108 1900 2151 in
1916 2109 2097 2155 interca-

450 2146 526 2186 45.
550 2135 702 2192 prioris
705 2139 899 2197 [yllabae]
925 2145 1090 2189 Clarius
1109 2146 1202 2190 dix·
1275 2154 1392 2207 pedo,
1424 2156 1466 2198 id
1496 2159 1606 2213 quod
1645 2161 1770 2205 etiam
1806 2168 1848 2207 in
1882 2168 2095 2214 Ciceronis

391 2188 477 2231 iss'et
502 2193 674 2247 primae3
706 2197 895 2254 loquitur
925 2203 1032 2245 enim
1063 2205 1114 2246 de
1149 2207 1201 2249 M
1281 2211 1446 2267 epistola
1465 2214 1591 2258 citata
1614 2218 1888 2266 observatum.
1949 2227 2095 2295 Neque

388 2245 535 2290 ultima
559 2251 720 2307 syllabae
744 2267 875 2299 CUM.
937 2261 1042 2303 Haec
1060 2263 1200 2317 expri·
1278 2281 1374 2311 vero
1409 2269 1522 2328 fugit
1550 2275 1727 2318 Fabium
1758 2281 1937 2326 nominis
1967 2284 2092 2339 hujus

390 2303 449 2346 mi
471 2306 544 2360 nist
556 2307 684 2352 labris
712 2314 935 2358 coeuntibus
951 2332 1029 2361 non
1053 2321 1198 2379 potest;
1277 2326 1399 2380 ratio,
1419 2331 1492 2385 qui
1526 2330 1568 2372 in
1587 2331 1665 2376 hoc
1699 2334 1785 2394 ipso
1806 2340 1986 2385 tractatu
2004 2345 2092 2402 epi-

384 2362 491 2404 unde
508 2365 562 2407 est
580 2365 685 2410 illud
716 2367 895 2429 aenigma
929 2374 980 2417 de
1000 2375 1198 2423 fratribus
1275 2382 1416 2427 stolam
1437 2386 1648 2432 Ciceronis
1668 2407 1751 2449 prae
1771 2395 1902 2440 oculis
1927 2400 2090 2457 vitietur

386 2430 565 2474 quatuor
583 2433 622 2466 et
642 2425 792 2482 viginti
812 2430 951 2473 eadem
969 2445 1087 2490 porta
1105 2450 1196 2478 exe·
1275 2439 1469 2486 habuisse.
1490 2481 1492 2483 .
1534 2446 1610 2488 Sed
1638 2448 1698 2492 ita
1718 2454 1852 2509 ponit,
1878 2466 1943 2507 ut,
1972 2461 2088 2515 quod

383 2477 572 2530 untibus,
603 2497 778 2538 quorum
797 2485 1063 2534 duodecimus
1082 2492 1195 2536 clau·
1275 2497 1377 2540 alias
1398 2501 1509 2552 soler,
1528 2505 1702 2562 exempli
1731 2510 1815 2552 vim
1834 2524 2086 2574 praeceptum

378 2532 451 2575 dat
471 2536 624 2579 valvas.
687 2541 824 2597 Igitur
853 2548 974 2589 etiam
1010 2551 1053 2592 in
1081 2565 1192 2594 com·
1274 2553 1436 2608 habeat,
1469 2560 1574 2614 (vid.
1597 2563 1647 2604 ad
1670 2568 1712 2616 8,
1733 2582 1775 2617 2,
1811 2585 1828 2611 1
1841 2571 1890 2627 5)
1910 2581 1951 2615 et
1970 2581 2086 2618 tanto

437 2591 518 2636 fitis
554 2593 672 2640 facile
709 2600 846 2643 transit
884 2604 927 2646 in
963 2609 1194 2663 proximam
1270 2616 1406 2671 magis
1428 2617 1572 2673 pudori
1591 2619 1662 2663 suo
1681 2624 1880 2678 consulat,
1930 2645 1984 2672 no
2001 2632 2083 2676 mi-

395 2647 594 2705 iquidam,
626 2664 673 2696 ut
712 2657 753 2699 in
792 2660 940 2717 colligo,
984 2674 1189 2719 connatus,
1270 2683 1348 2712 nus
1369 2673 1516 2725 statim,
1576 2678 1646 2720 uid
1667 2679 1739 2723 fibi
1767 2683 1882 2736 velit,
1899 2645 2082 2734 ‘lectores

374 2710 558 2751 corrado.
592 2712 727 2771 Qare
743 2714 769 2756 fi
783 2717 934 2774 jungas
953 2734 1041 2763 cum
1059 2724 1182 2767 notis:
1269 2729 1494 2774 observant.
1582 2749 1607 2776 n
1638 2735 1714 2780 hoc
1742 2738 1882 2799 itaque
1899 2743 1981 2788 solo
1996 2761 2079 2792 non

374 2772 447 2805 aut
466 2765 661 2811 distinetae
682 2777 1027 2826 pronuntiationis
1055 2781 1185 2825 caussa
1264 2789 1451 2830 convenit
1466 2790 1567 2833 mihi
1581 2807 1674 2835 cum
1687 2796 2077 2857 J0.Frid.Ch1-istii‚

374 2819 599 2867 claudenda
629 2825 738 2870 labia
771 2833 856 2888 post
903 2834 1049 2879 rimam
1066 2837 1182 2894 sylla·
1262 2840 1551 2900 elegantissimo
1585 2850 1765 2908 ingenie,
1801 2856 1957 2903 summa
1974 2861 2076 2918 doc-

375 2877 486 2930 barn,
516 2892 556 2924 et
585 2883 771 2930 indecore
797 2848 1049 2936 infigendum
1078 2895 1184 2939 inter
1261 2901 1383 2952 trina,
1404 2914 1444 2945 et
1462 2907 1645 2951 moribus
1665 2912 1954 2960 candidissimis
1975 2919 2075 2972 viri,

367 2938 690 2994 praepofitionem
723 2954 764 2986 et
792 2946 878 3000 ejus
922 2950 1075 3002 casum,
1107 2964 1180 2997 aut
1259 2956 1587 3015 interpretatione
1607 2966 1727 3020 hujus
1741 2969 1837 3022 loci,
1857 2988 1982 3031 quam
2001 2976 2073 3020 dc-

403 2997 718 3042 ronuntiandum
738 3004 936 3056 cannabis,
957 3008 1038 3051 ἅτε.
1071 3020 1120 3052 ut
1137 3024 1178 3054 m
1257 3014 1319 3056 dit
1339 3018 1482 3061 Noftt.
1520 3022 1686 3065 Acadd.
1710 3028 1811 3070 Obs.
1835 3045 1879 3084 9,
1898 3039 1952 3090 p.'
1970 3050 2070 3088 ιη,

368 3007 487 3093 iit-era
522 3055 562 3096 in
597 3068 784 3101 naturam
814 3062 1013 3118 sequentis
1043 3080 1174 3111 ncor-
1255 3070 1346 3130 sqq.
1367 3076 1474 3118 unde
1493 3079 1616 3122 etiam
1650 3086 1886 3139 cognoscere
1910 3092 2071 3146 poffilnt

367 3116 600 3165 rumpatur,
632 3114 674 3156 h.
698 3130 734 3158 e.
766 3128 964 3172 mutetur,
994 3137 1077 3179 qua
1107 3140 1173 3168 ra·
1254 3128 1428 3183 studiosi,
1443 3133 1599 3192 reliqua
1614 3139 1663 3181 ad
1681 3140 1788 3185 hunc
1802 3144 1851 3186 de
1865 3147 2068 3194 obscoenis

367 3164 476 3208 tione
505 3169 597 3212 duae
617 3172 767 3227 priores
797 3175 961 3243 syllabae
993 3179 1175 3227 efficiunt
1253 3185 1392 3231 locum
1414 3193 1652 3246 pertinentia
1670 3200 1778 3242 unde
1826 3204 1880 3246 eti
1895 3217 2064 3261 queant.

365 3219 406 3262 id
442 3237 602 3278 nomen,
631 3230 742 3285 quod
780 3231 865 3276 dici
902 3234 1060 3280 honeste
1085 3255 1173 3298 ¹non
1300 3259 1375 3298 47.
1395 3217 1824 3315 Necstrtspto—anfieff
1838 3261 1983 3306 Utitur·
2000 3265 2065 3308 di-

360 3289 536 3334 poterat,
560 3283 651 3327 licet
671 3287 844 3347 Satyrici
864 3306 912 3333 eo
926 3292 1174 3352 frequenter,
1255 3301 1403 3346 visione
1420 3305 1521 3349 alias
1532 3307 1676 3354 usitata
1694 3314 1734 3355 in
1754 3317 1912 3370 caustis,
1918 3321 2069 3379 scripti
2099 3346 2105 3353 -

361 3336 562 3382 Horatius
611 3344 735 3389 etiam
782 3362 854 3405 per
891 3350 1175 3407 Synecdochen
1254 3368 1296 3401 ct
1318 3360 1569 3424 voluntatis..
1623 3370 1698 3412 Ad
1713 3371 1911 3430 striptum
1939 3381 2066 3436 perti-

356 3395 488 3449 partis
521 3397 803 3458 distinguentis
850 3415 890 3449 et
926 3411 1066 3466 petitae
1099 3428 1174 3471 pro
1251 3428 1366 3468 nent,
1387 3434 1480 3475 quae
1498 3422 1549 3464 de
1569 3425 1774 3479 jumflura
1794 3446 1840 3475 ac
1869 3434 1968 3478 divi
2013 3451 2066 3480 ne

359 3458 464 3501 toto,
495 3463 718 3502 uterentur.
1247 3486 1398 3518 vocum
1417 3478 1548 3522 dixit:
1584 3483 1672 3527 haec
1693 3487 1807 3541 enim,
1832 3490 1980 3551 scripto
1996 3494 2062 3538 vel

418 3513 490 3559 46.
522 3511 662 3569 divisio
677 3521 845 3576 quoque]
896 3524 989 3565 Non
1019 3523 1169 3570 forma·
1251 3535 1454 3578 committi
1471 3530 1648 3594 p'offimt,
1677 3543 1741 3586 vel
1758 3543 1919 3600 evitari,
1939 3549 2062 3596 finon

353 3561 444 3607 liter
466 3578 639 3623 tannim,
667 3586 716 3617 ut
743 3575 967 3635 loquuntur
989 3583 1168 3629 Scholas-
1250 3587 1402 3636 scribas
1425 3609 1463 3636 v.
1485 3610 1531 3653 g.
1553 3611 1642 3641 cum
1677 3601 1802 3655 nobis,
1836 3605 1901 3649 sed
1934 3608 2060 3667 mbr-'fi
