2320 4030
290 292 395 357 256

627 324 633 330 -
681 289 1003 341 M.‘']·*.A1311
1040 283 1621 342 QUINCT'ILIANI

286 426 456 481 Quod
488 419 524 480 fi
563 426 652 480 cui
684 436 977 500 utrumque
1012 427 1260 491 defuerit,
1285 426 1414 480 huic
1451 427 1700 480 omittere
1735 424 1959 480 omnino
1979 437 2014 462 ¹²
2040 451 2044 455 ·

287 499 479 550 totum'
501 498 772 553 aetionum
808 499 1064 566 laborem,
1101 517 1187 564 ac,
1227 499 1262 550 fi
1298 498 1431 568 quid
1466 499 1521 551 in
1549 497 1714 551 literis
1746 498 1906 563 valet,
1944 499 2014 551 ad

285 568 620 622 scribendum

680 570 822 623 otius
846 570 1078 623 suadebo
1102 576 1425 623 convertere.
1465 569 1572 622 Sed
1597 569 1715 622 haec
1739 575 1852 622 rara
1873 569 2011 623 infe-

286 638 460 692 licitas
478 640 596 693 erit.
673 653 874 694 eterum
899 652 1159 712 quantum
1182 651 1368 692 natura
1383 639 1670 722 studioque
1695 640 1867 693 valeat
1892 658 2009 699 me-‚
2032 652 2110 706 50

285 709 475 775 moria,
494 711 577 764 vel
591 711 975 765 Themistocles
994 711 1156 776 testiS‚
1172 729 1337 783 quem
1353 729 1520 764 unum
1538 723 1675 764 intra
1692 730 1894 764 annum
1912 729 2010 781 op·

269 780 417 834 -time
454 781 698 836 locutum
738 782 837 835 effe
878 783 1073 836 Perfice
1113 783 1351 835 constat:
1390 782 1475 835 vel
1515 781 1882 848 Mithridates,
1923 782 2013 839 cui

250 851 417 904 “duas
442 865 498 905 et
532 853 726 924 viginti
749 853 985 925 linguas,
1046 864 1143 906 uot
1178 853 1483 906 nationibus
1519 853 1814 935 imperabat
1831 866 1872 919 ¹²,
1901 863 2009 905 tra-

280 922 433 975 ·ditur
470 935 622 976 notas
661 923 840 977 fuiss'e:
881 924 967 976 vel

1052 924 1210 977 raffus
1246 923 1338 977 ille
1373 924 1543 990 dives,
1571 944 1684 994 qur,
1713 943 1838 977 cum
1871 924 2011 976 Afiae
2075 971 2083 978 .,

283 994 538 1063 praeeffet,
571 995 810 1066 quinque
848 995 1025 1048 Graeci
1063 986 1329 1048 sermonis*
1353 995 1676 1048 differentias
1711 995 1780 1048 fic
1813 994 2010 1060 tenuit,

280 1075 365 1128 ut,
393 1082 501 1135 qua
536 1065 758 1137 quisque
789 1065 931 1138 apud
966 1085 1092 1120 eum
1126 1066 1316 1138 lingua
1349 1066 1662 1138 postulasset,
1690 1065 1877 1120 eadem
1916 1065 2014 1123 fibi.

271 1133 367 1206 jus
397 1135 665 1189 redditum
707 1136 897 1190 ferret:
938 1137 1022 1190 vel
1043 1138 1260 1219 ’Cyrum
1283 1156 1445 1220 quem
1485 1138 1729 1191 omnium
1769 1137 2011 1191 militum

281 1205 503 1259 tenuisse
527 1208 790 1261 creditum
817 1209 889 1261 est
913 1227 1153 1262 nomina.

1225 1210 1374 1263 Qum
1395 1208 1550 1261 semel
1580 1208 1792 1262 auditos
1816 1226 2006 1280 quam·
2030 1219 2100 1276 51

271 1276 417 1329 libet
454 1275 657 1332 multos
701 1279 878 1332 versus
913 1280 1158 1351 protinus
1191 1279 1386 1333 dicitur
1415 1279 1694 1333 reddidisse
1725 1279 2010 1334 Theodec-

265 1358 364 1400 ‹tes
378 1356 421 1400 ⁰.
493 1348 827 1403 Dicebantur
849 1351 1009 1404 etiam
1037 1370 1180 1405 nunc
1203 1350 1325 1416 effe,
1349 1351 1442 1422 qui
1475 1351 1729 1418 facerent,
1753 1349 1842 1406 sed
1873 1350 2010 1404 mihi

273 1436 598 1490 numquam,
636 1432 703 1474 ut
739 1421 845 1492 ipse
880 1421 1197 1489 intereffem‚
1238 1421 1504 1494 contigit:
1545 1422 1791 1476 habenda
1827 1432 2009 1476 tamen
2066 1469 2070 1472 .

262 1488 416 1542 fides
440 1490 511 1543 est
537 1491 619 1543 vel
645 1491 700 1543 in
724 1492 849 1558 hoe,
877 1503 938 1546 ut
955 1503 996 1558 Ρ,
1023 1493 1119 1575 qui
1144 1493 1428 1547 crediderit
1446 1503 1490 1559 q,
1514 1505 1568 1546 et
1591 1493 1780 1566 speret.
1804 1534 1808 1535 ν

354 1562 462 1614 ΙΙΙ.
499 1563 849 1617 Pronuntiatio
873 1583 906 1616 a
929 1564 1091 1636 plens
1119 1583 1190 1618 ue
1215 1565 1341 1618 αὲἲὶο
1365 1565 1582 1631 dicitur,
1606 1565 1696 1619 sed
1730 1563 1880 1638 prius
1901 1582 2006 1618 no-

260 1649 407 1684 -rnen
429 1642 448 1664 ¹*
482 1650 515 1684 a
538 1651 689 1699 voce,
715 1633 939 1707 sequens
962 1654 994 1688 a
1016 1654 1086 1707 ge
1130 1655 1167 1688 u
1188 1635 1399 1690 videtur
1423 1636 1682 1706 accipere.
1752 1637 2010 1717 Namque

276 1703 514 1757 actionem
561 1704 751 1758 Cicero
797 1705 925 1771 alias
973 1706 1116 1778 quafi
1159 1709 1452 1780 sermonem,
1497 1708 1624 1761 alias
1676 1706 2011 1780 eloquentiam

275 1774 562 1844 quamdam
589 1776 798 1848 corporis
818 1776 972 1832 dicit.
1047 1778 1201 1831 Idem
1225 1789 1404 1832 tamen
1431 1779 1563 1832 duas
1589 1778 1635 1851 ej
1645 1798 1704 1832 us
1727 1789 1902 1850 partes
1925 1778 2006 1832 sa·-

275 1844 372 1911 cit,
398 1864 519 1916 quae
544 1845 662 1899 sunt
688 1847 890 1900 eaedem
926 1850 1397 1920 pronuntiationis,
1423 1871 1586 1903 vocem
1610 1861 1772 1922 atque
1807 1861 2006 1905 motum.

276 1917 618 1986 Quapropter
657 1929 882 1990 utraque
919 1920 1277 1991 appellatione
1321 1921 1680 1975 indifferenter
1726 1922 1807 1974 uti
1858 1921 2005 1977 licet.
2061 1972 2067 1975 ,

277 1987 463 2040 Habet
509 1997 689 2040 autem
731 2008 814 2044 res
852 1990 958 2062 ipsa
997 1991 1186 2044 miram
1233 1992 1525 2066 quamdam
1574 1993 1630 2046 in
1678 1992 2006 2047 orationibus
2027 2006 2062 2046 2

274 2058 384 2109 vim
410 2076 472 2110 ac
496 2060 823 2129 potestatem.
897 2063 1098 2135 Neque
1122 2063 1264 2116 enim
1291 2076 1402 2124 tam
1423 2073 1439 2096 ⁵
1478 2064 1657 2129 refert,
1679 2063 1862 2136 qualia
1887 2062 2004 2129 fint,

275 2147 398 2198 quae
437 2129 575 2182 intra
611 2132 816 2184 nosmet
853 2131 989 2203 ipsos
1026 2134 1419 2207 composuimus
1439 2155 1456 2201 3
1495 2154 1659 2207 quam
1697 2154 1806 2208 quo
1843 2134 2008 2189 modo

274 2199 590 2255 efferantur:
630 2220 756 2256 nam
790 2202 868 2257 ita
902 2204 1147 2278 quisque,
1186 2217 1249 2259 ut
1282 2205 1451 2274 audit,
1485 2217 1748 2262 movetur.
1823 2207 2010 2262 Quare

325 2364 358 2387 m
383 2373 451 2397 om.
473 2358 524 2397 id.
634 2367 657 2390 ¹¹
685 2359 895 2412 imperavit
913 2363 966 2403 G.
984 2363 1091 2404 Jens.

274 2415 297 2444 ἱ
330 2413 564 2452 crediderint
582 2422 622 2452 et
642 2415 794 2465 sperent
814 2417 866 2457 G.

339 2563 411 2602 50.
463 2546 750 2607 Themistocles]
794 2553 930 2609 Apud
968 2554 1096 2598 Thu-

277 2610 373 2664 cyd.
401 2621 439 2655 1,
465 2622 564 2660 137,
599 2621 784 2651 annuum
820 2610 895 2653 fibi
932 2620 1097 2671 tempus

272 2666 363 2708 dari
383 2665 502 2721 petit,
520 2675 567 2706 ut
583 2676 697 2722 paret
713 2667 749 2709 se
769 2669 820 2710 ad
841 2669 1095 2727 colloquium

271 2723 411 2780 regis:
448 2723 594 2764 deinde
626 2738 666 2766 c.
705 2729 803 2778 138,
845 2731 888 2766 'o
922 2728 957 2766 δὲ
988 2728 1021 2767 ἐν
1043 2731 1097 2782 τῷ·

270 2782 494 2836 χρόνῳ-τῆς
511 2796 554 2819 τε
570 2783 730 2835 nepo-3¹80:
747 2785 915 2832 γλώσσης
933 2785 1000 2823 ὅσα
1018 2787 1095 2826 ἦδύ-

271 2851 356 2875 νιιτο
374 2832 575 2883 κατενόησε,
594 2837 621 2888 15}
639 2840 708 2874 τῶν
722 2838 1016 2888 ἐπιτηδευμάτων
1033 2843 1097 2885 ’τῆς

270 2892 403 2943 χώρας.
458 2887 578 2937 Vide,
619 2903 746 2945 quam
784 2890 1090 2949 circumspefist.

270 2945 522 2991 Plutarchus
551 2960 699 3003 augere
727 2947 891 2990 videtur
919 2963 963 3005 p.
987 2965 1090 3006 229.

271 3007 334 3048 H.
368 3003 510 3060 Steph.
555 3003 725 3044 Ἐνιαυτόν
759 3006 997 3055 αἰτησάμενος
1030 3010 1093 3048 καὶ

270 3068 332 3102 τήν
350 3062 500 3113 neeri&
519 3064 689 3110 γλῶτταν
715 3063 950 3114 ἀποχρώντως
975 3064 1093 3116 'enpa-

270 3119 355 3157 διέν.
410 3114 649 3157 Cornelium
689 3115 892 3172 Nepotem
930 3118 1091 3161 secutus

269 3176 432 3217 videtur
452 3173 596 3223 noster,
618 3173 691 3229 qui
714 3187 756 3223 2,
781 3188 849 3225 ιο,
874 3190 915 3224 ι,
936 3175 978 3218 in
1007 3178 1093 3219 vita

270 3233 430 3275 Them.
447 3230 568 3272 multo
585 3230 820 3273 commodius
839 3247 932 3275 eum
954 3244 1092 3277 narrat

269 3290 407 3333 verba
435 3289 548 3345 apud
571 3303 707 3344 regem
725 3288 879 3347 feciffe,
899 3306 1021 3348 quam
1049 3291 1092 3335 hi

265 3355 471 3405 poterant,
493 3347 567 3403 qui
585 3345 630 3388 in
648 3345 806 3398 Perfide
822 3357 945 3391 erant
961 3349 1069 3392 nati.

333 3434 402 3474 50.
434 3417 721 3471 Mithridates]
755 3419 822 3460 Sic
840 3429 880 3461 et
909 3420 1020 3465 Plin.
1045 3435 1088 3472 7,

270 3494 328 3529 24
358 3487 398 3519 et
433 3491 507 3529 25,
544 3491 587 3518 2.
640 3476 718 3518 Sed
751 3475 867 3519 Gen.
908 3493 978 3530 17,
1016 3493 1086 3531 17.

268 3535 419 3593 optimi
441 3533 536 3577 libri
554 3532 726 3592 quinque
742 3542 783 3577 et
807 3534 966 3594 ‘viginti
985 3549 1100 3593 gen:

973 2423 989 2443 Γ
1019 2421 1076 2459 est
1094 2418 1160 2472 ins
1181 2419 1232 2459 G.

1216 2369 1237 2389 ⁰
1266 2364 1518 2406 Theodoffles
1535 2366 1641 2406 Jens.
1763 2370 1784 2398 Ρ
1809 2379 1878 2407 om.
1896 2365 2007 2405 Jens.
2051 2398 2053 2401 Α

1348 2428 1361 2446 ⁸
1393 2432 1486 2460 eam
1503 2421 1610 2460 Jens.
1627 2420 1716 2470 jam
1736 2420 1786 2459 G.

1177 2565 1238 2601 tes
1282 2566 1324 2601 et
1357 2557 1522 2616 linguas
1568 2558 1736 2602 habeut.
1799 2556 1912 2600 Illud
1949 2557 2005 2600 de

1178 2615 1313 2673 Craffi)
1345 2616 1399 2660 est
1432 2618 1558 2660 etiam
1587 2633 1655 2675 ap.
1688 2613 1785 2659 Val.
1809 2614 1932 2659 Max.
1956 2620 2001 2667 8,

1180 2689 1222 2726 7,
1244 2678 1287 2717 6.
1325 2675 1391 2717 De
1410 2677 1512 2734 Cyro
1531 2676 1643 2719 Plin.
1669 2687 1805 2727 7,·24.
1837 2685 1879 2716 et
1899 2674 1998 2717 Val.

1178 2731 1299 2775 Max.
1339 2736 1383 2784 8,
1419 2749 1462 2785 7,
1489 2743 1574 2776 ext.
1616 2735 1688 2776 16.
1747 2733 2002 2791 Qanquam

1176 2789 1255 2833 hoc
1292 2789 1525 2834 fabulosum
1563 2791 1707 2842 nimis,
1743 2804 1817 2832 nec
1857 2793 2000 2832 Xeno-

1174 2849 1323 2905 phonti
1341 2859 1632 2900 memoratum,
1651 2849 1725 2907 qui
1746 2849 1887 2891 Duces
1906 2857 1998 2891 tan-

1176 2916 1267 2949 tum
1296 2921 1439 2950 omnes
1457 2917 1577 2951 notos
1608 2908 1723 2965 Cyro
1749 2917 1790 2948 et
1819 2907 1996 2950 nomini-

1174 2964 1255 3007 bus
1275 2976 1315 3007 et
1335 2964 1456 3008 faffis
1475 2965 1592 3010 fuifl‘e
1611 2975 1750 3008 narrat
1770 2964 1928 3022 Cyrop.
1955 2979 1997 3019 5,

1173 3036 1219 3078 p.
1245 3025 1344 3076 360.
1366 3023 1429 3080 sq.
1460 3023 1738 3067 Hutchinson.
1782 3023 1998 3065 Mirantur

1173 3080 1235 3123 sui
1275 3082 1451 3139 Cyrum,
1488 3083 1625 3127 ὁπόσοις
1660 3081 1878 3129 συνέταττε,
1911 3086 1999 3126 wic

1171 3136 1346 3191 ὀνομάζων
1361 3138 1818 3181 {warinum—Miratur
1840 3138 1994 3194 Cyrus,

1174 3193 1200 3235 fi
1222 3196 1323 3238 Dux
1341 3197 1491 3240 nesciat
1509 3201 1579 3240 τῶν
1609 3197 1668 3248 ὑφ’
1697 3196 1800 3236 αὑτὸν
1827 3195 1996 3247 {tymbvm

1173 3256 1224 3292 τὰ
1242 3253 1417 3303 ὅνόματιι.

1233 3307 1324 3358 ΙΙΙ,
1351 3324 1391 3350 1.
1424 3307 1583 3362 Cicero]
1621 3309 1687 3351 De
1707 3309 1829 3350 Orat.
1854 3322 1895 3362 3,
1920 3323 1989 3363 59.

1173 3362 1242 3422 Est
1258 3365 1364 3408 enim
1391 3366 1498 3410 aelio
1515 3366 1630 3422 quast
1640 3367 1777 3424 strmo
1800 3366 1990 3422 corporis.

1173 3423 1230 3464 Et
1262 3425 1383 3466 Orat.
1409 3440 1478 3476 17.
1508 3425 1577 3482 Est
1608 3423 1715 3466 enim
1744 3423 1851 3468 actio
1882 3423 1998 3481 quast

1170 3480 1344 3536 corporis
1388 3482 1577 3539 quaedam
1621 3481 1859 3538 eloquentia,
1901 3496 1991 3526 cum

1170 3539 1312 3597 constet
1323 3553 1351 3583 e
1368 3554 1472 3585 voce
1492 3548 1615 3598 atque
1631 3547 1756 3585 motu.
