2320 4030
631 302 910 353 INSTIT.
946 259 1287 353 ORATORss
1315 301 1451 349 ΜΒ.
1485 300 1624 348 v111.
1659 316 1710 361 3.
1968 312 2030 364 37

222 432 290 493 82
312 438 517 506 oculos,
554 439 641 494 sed
685 436 991 492 circumcise
1027 447 1082 490 at
1121 455 1188 491 ue
1220 435 1493 489 velociter.
1565 435 1650 487 Ac
1687 434 1880 489 merito
1912 435 2032 488 lau-

311 510 469 564 datur
509 510 737 564 brevitas
794 508 1034 580 integra:
1111 507 1178 560 ed
1220 516 1320 561 ea‘³
1341 506 1518 561 minus
1563 505 1784 576 praestat,
1822 507 2035 578 quoties

310 581 450 634 nihil
477 581 628 645 dicit,
655 580 749 633 nist
774 580 920 650 quod
940 579 1139 632 necefl'e
1168 579 1237 631 est
1259 597 1275 642 3
1317 575 1655 644 βραχυλογίαν
1682 589 1891 639 vocant,
1946 597 2032 630 uae

309 652 559 705 reddetur
581 652 720 704 inter
742 649 1039 703 schemata:
1077 650 1148 702 est
1173 667 1298 703 vero
1358 647 1695 716 ulcherrima,
1735 665 1855 700 cum
1883 667 1918 718 p
1941 667 2035 704 ura

309 723 491 793 paucis
540 722 964 795 complectimur,
1011 720 1169 791 quale
1193 719 1309 786 ,illu
1372 727 1388 750 ¹
1411 717 1636 771 Sallustii
1691 719 1780 784 est,
1818 719 2036 771 Mithri..

218 788 287 861 83
313 792 452 846 dates
493 807 697 868 corpore?
719 792 930 865 ingenti,
965 792 1170 863 perinde
1193 800 1208 822 ⁸
1234 799 1476 843 armatus·
1564 791 1690 843 Hoc
1722 788 1862 842 male
1906 789 2033 841 imi-

311 875 485 918 tantes
508 862 1070 936 sequiturobscuritas.
1146 862 1339 915 Vicina
1361 859 1647 932 praedic‘cae,
1684 860 1773 914 sed
1809 859 2035 931 amplior

310 935 587 990 virtus-est
628 934 851 1005 ἔμφασις,
889 933 1130 985 altiorem
1175 933 1419 1004 praebens
1465 931 1818 1000 intellectum,
1870 949 2034 1002 quam

301 1025 474 1078 quem
502 1007 662 1059 verba
682 1022 777 1075 per
800 1003 851 1058 se'
873 1003 980 1075 ipia
997 1003 1286 1057 declarant.
1361 1002 1490 1085 Ejus
1517 1002 1637 1070 duae
1661 1005 1781 1056 sunt
1804 1001 2031 1074 species:

311 1077 492 1142 altera,
520 1097 640 1149 quae
665 1075 786 1146 plus
812 1075 1086 1151 fignificat,
1123 1094 1281 1146 quam
1309 1074 1472 1127 dien:
1514 1073 1693 1141 altera,
1727 1093 1846 1146 quae
1872 1073 2035 1127 etiam

212 1146 293 1214 84
312 1147 387 1212 id,
424 1149 705 1220 quod.non
750 1146 902 1200 dicit.
996 1146 1145 1199 Prior
1178 1148 1249 1199 est
1274 1158 1329 1198 et
1363 1143 1503 1215 apud
1547 1147 1867 1210 Homerum,
1906 1164 2035 1198 cum

310 1218 593 1273 Menelaus
637 1218 828 1272 Graios
863 1217 918 1270 in
945 1235 1142 1288 equum
1187 1217 1471 1288 dqeendzffi
1495 1216 1628 1268 dicit
1647 1237 1663 1282 ;
1723 1236 1845 1269 nam
1872 1216 2035 1270 verbo

311 1308 423 1347 uuo
448 1289 874 1364 magnitudinem
901 1288 1012 1360 ejus
1037 1288 1291 1342 ostendit:
1332 1300 1386 1340 et
1403 1287 1543 1360 apud
1561 1276 1875 1360 Virgilium,

595 1387 866 1459 Demssum
894 1386 1022 1460 lapsi
1046 1399 1138 1459 per
1153 1387 1359 1458 funem.
1398 1419 1424 1429 -
1462 1419 1488 1430 -
1528 1419 1553 1429 -

309 1505 455 1559 Nam
483 1505 549 1558 fic
574 1522 790 1576 quoque
814 1502 1041 1556 altitudo
1061 1502 1414 1556 demonstrata
1449 1505 1538 1557 est.
1615 1504 1764 1557 Idem
1794 1505 2038 1578 Cyclopa
2102 1538 2106 1543 ³

312 1595 438 1630 cum
475 1575 687 1659 jaca-iffi:
720 1575 854 1627 dicit
885 1586 978 1647 per
999 1585 1217 1640 antrum,
1268 1576 1627 1648 prodigiosum
1667 1575 1800 1629 illud
1842 1596 2037 1650 corpus

51 1679 60 1688 ·
141 1639 148 1642 ’
220 1645 289 1717 85
309 1647 475 1719 spatio
500 1648 605 1700 loci
630 1646 841 1699 mensus
864 1646 952 1700 est.
1030 1645 1242 1717 Sequens
1265 1647 1429 1718 pofita
1454 1649 1526 1700 est
1562 1648 1615 1699 in
1642 1666 1772 1700 voce
1794 1659 1888 1701 aut
1917 1668 2036 1702 om-

311 1719 442 1773 nino
465 1712 742 1791 suppreffa,
758 1726 850 1770 aut
873 1717 1036 1771 etiam
1057 1717 1286 1792 abscifl'a.
1327 1718 1661 1792 Supprimitur
1683 1737 1804 1786 vox,
1827 1731 1889 1772 ut
1909 1719 2039 1773 fecit

365 1891 388 1924 α
415 1898 507 1926 eam
525 1887 631 1926 Jens.
740 1894 756 1916 r
784 1901 852 1925 om.
873 1886 924 1926 G.
942 1885 1050 1926 Jens.
1175 1897 1203 1926 4ε
1233 1867 1397 1938 proinde
1417 1885 1484 1925 iid.
1605 1891 1618 1917 t
1652 1886 1712 1924 Sic
1744 1886 1811 1926 iid.
1844 1897 1880 1925 et
1912 1888 2035 1928 MSS·

303 1950 397 1996 puto
416 1954 537 1980 amnes
557 1941 599 1980 in
617 1952 722 1991 equo
741 1941 874 1980 sedisse
910 1940 1014 1980 editt.
1036 1939 1164 1992 plures
1191 1951 1227 1980 et
1255 1943 1386 1981 Burm.
1415 1941 1517 1979 intra
1552 1950 1703 1992 equum
1737 1942 1918 1982 desedisse
1936 1943 2036 1982 Obr.

372 2079 450 2118 82..>
475 2075 586 2119 inter
597 2073 831 2133 schemata]
865 2092 908 2131 9,
943 2090 984 2128 3,
1016 2091 1086 2130 50.

372 2137 445 2175 82.
470 2133 641 2190 perinde
676 2133 885 2186 armatus]
919 2133 1135 2179 Animatus

1215 2092 1284 2118 cre
1294 2076 1383 2119 loco
1394 2074 1609 2119 Menelaus
1622 2076 1778 2126 ἐνήμεθα
1788 2075 2038 2127 dicit5altem

1217 2135 1313 2174 εἴατο
1331 2134 1612 2184 Demodocus,
1642 2148 1736 2189 quae
1763 2135 1934 2192 sedendi
1962 2151 2038 2192 po-

311 2191 481 2235 mallent
499 2190 660 2249 Lipsius
680 2202 719 2233 et
732 2193 879 2234 Douza
892 2191 943 2234 ad
960 2193 995 2236 F
996 2206 1131 2250 ragm.

313 2249 509 2301 Sallustii,
556 2250 621 2293 sed
658 2249 955 2293 Freinshemius
994 2259 1136 2293 tuetur

313 2316 519 2352 armatus.
601 2307 801 2351 Obstrvat
855 2307 1135 2360 Burmannus,

313 2377 355 2410 et
393 2367 510 2409 addit
557 2364 806 2409 fimillimum
845 2365 1135 2423 Brachylogiae

281 2445 287 2451 .
313 2424 545 2485 exemplum
578 2440 600 2467 e
628 2422 752 2465 Floro
785 2439 827 2477 3,
858 2438 902 2475 2,
938 2440 982 2476 2,
1003 2425 1137 2468 Atrox

313 2482 476 2534 coelum,
501 2481 671 2539 perinde
689 2480 871 2537 ingenia.

376 2544 449 2595 83.
483 2539 667 2594 ἔμφασις]
704 2541 806 2582 Haec
827 2538 880 2582 est
901 2538 986 2590 illa,
1006 2554 1134 2597 quam

301 2597 635 2656 fignificationem
681 2606 804 2640 vocat
867 2597 1034 2640 Auaor
1082 2599 1135 2641 ad

315 2658 421 2699 Her.
444 2671 491 2709 4,
525 2671 575 2710 53
596 2655 655 2712 sq.
678 2664 718 2696 et
747 2655 909 2705 definit,
938 2670 1030 2713 quae
1042 2655 1136 2713 plus

313 2713 359 2756 in
390 2713 610 2772 suspicione
643 2712 849 2772 relinquit,
878 2728 1002 2771 quam
1034 2714 1135 2770 posi-

314 2779 400 2815 tum
419 2771 526 2831 estin
543 2771 737 2814 oratione.
785 2772 953 2814 Dividit
971 2772 1134 2825 deinde,

315 2840 358 2873 et
377 2830 565 2873 illustrat:
589 2829 704 2872 locus
724 2829 778 2872 est
796 2829 997 2873 clafficus.

296 2899 300 2927 ;
375 2892 447 2939 84..
478 2887 522 2931 in
554 2902 699 2946 equum
731 2886 976 2945 descendzffi]
1029 2886 1134 2929 Haec

316 2946 621 2990 constantiffima
643 2946 849 2989 Codicum
869 2945 994 2987 MSS.
1016 2943 1136 2988 lectio

315 3014 478 3047 mutata
497 3004 551 3046 est
570 3005 623 3045 ab
643 3003 727 3054 his,
755 3005 828 3060 qui
850 3004 960 3061 apud
977 3005 1133 3045 Home-

316 3077 410 3104 rum
429 3076 510 3104 non
531 3062 755 3103 invenirent
775 3061 878 3104 hanc
905 3062 1060 3104 ideam:
1094 3070 1135 3104 et

299 3120 381 3163 >vel
401 3121 565 3178 praeivit
585 3119 772 3175 reliquis,
785 3119 848 3162 vel
863 3130 970 3163 certe
984 3118 1132 3161 confir-

318 3180 448 3222 mavit
460 3191 528 3220 eos
547 3178 807 3234 Hartungus,
819 3179 891 3234 qui
907 3177 1034 3220 locor.
1047 3191 1134 3219 me-

318 3250 426 3278 mor.
450 3236 607 3279 Decur.
641 3250 683 3284 2,
706 3238 749 3284 6,
772 3236 923 3293 Lamp.
957 3236 1133 3278 Gruter.

319 3303 424 3335 tom.
441 3308 482 3343 2,
498 3309 540 3350 p.
560 3294 661 3341 682,
678 3293 782 3334 inter
797 3303 929 3336 errata
946 3294 987 3336 in
1002 3292 1136 3335 citan-

1217 2195 1305 2235 tius
1325 2203 1364 2235 et
1384 2191 1614 2247 insidiarum
1634 2193 1842 2234 notionem
1866 2193 2037 2244 habent,

1215 2262 1265 2294 ut
1286 2252 1330 2295 6¹.
1351 2266 1396 2305 51
1411 2250 1629 2305 5‚‘1mro'·'i*sv
1645 2252 1833 2302 ἐκχύμενοι
1850 2251 1962 2290 κνῖλον
1979 2251 2038 2291 λό-

1215 2326 1282 2363 χον
1311 2309 1588 2362 ἐκπρολιπόντες.
1649 2307 1848 2349 Praeterea
1888 2307 1930 2349 in
1960 2307 2038 2350 hoc

1218 2367 1272 2410 est
1299 2365 1507 2419 μνημονικὸν
1527 2362 1736 2416 ἁμάρτημα
1766 2365 1905 2413 Fabii,
1941 2380 2038 2408 cum

1217 2422 1409 2468 Menelao
1428 2422 1596 2471 tribuit,
1627 2421 1740 2476 quod
1756 2421 1913 2480 Ulyss'es
1932 2424 2037 2468 dicit

1214 2481 1292 2524 ’032
1312 2484 1358 2522 λ’.
1382 2494 1481 2534 522,
1512 2480 1634 2532 Αὐτὰρ
1652 2476 1704 2516 ἴτ’
1725 2482 1772 2525 εἷς
1799 2481 1904 2520 ἵππον
1923 2497 2040 2523 κατε-

1217 2536 1396 2589 Εαίνομεν,
1447 2536 1480 2576 ὃν
1528 2537 1622 2586 κάμ’
1662 2537 1809 2582 Ἐπειός.
1899 2539 2037 2598 Qem

1216 2593 1377 2637 versum
1407 2591 1658 2649 Emphaseos
1691 2594 1924 2652 exemplum
1947 2599 2037 2651 jam

1217 2650 1455 2695 laudaverat
1487 2650 1737 2694 Plutarchus
1764 2653 1815 2694 de
1835 2655 2036 2706 Homero,

1216 2725 1261 2767 p.
1284 2726 1365 2765 297
1389 2709 1493 2752 Gal.
1552 2707 1609 2747 Ἐν
1634 2709 1688 2760 τῷ
1713 2708 1967 2764 κατεζείνομεν
1994 2714 2041 2754 erc)

1166 2770 1182 2779 ⁶
1214 2768 1374 2817 μέγεθος
1392 2770 1440 2809 τῦ
1457 2768 1556 2807 i'vrwt
1575 2761 1749 2815 ἶμψαίνει.
1808 2768 2038 2812 Definierat

1216 2825 1395 2878 ἔμφασιν,
1428 2828 1512 2878 ὅπερ
1528 2823 1584 2868 ,δι’
1607 2824 1759 2870 ὑπονοίας
1794 2827 1960 2867 ἐπέτεια-ιν
1988 2830 2038 2867 τῦ

1216 2883 1307 2933 λόγω
1330 2885 1533 2935 melem-w.
1594 2881 1689 2922 Non
1722 2877 1919 2938 fugerunt
1950 2882 2036 2926 haec

1215 2942 1267 2983 F.
1287 2938 1476 2983 Urfinum
1497 2937 1740 2993 in.Virgilio
1757 2952 1851 2981 cum
1869 2940 2038 2984 Graecis

1217 2997 1383 3048 collato,
1413 3014 1458 3056 p.
1483 3001 1582 3051 238,
1600 2996 1650 3037 ad
1687 2996 1834 3054 ipsum,
1858 2999 1931 3053 qui
1969 2999 2037 3042 hic

1218 3056 1425 3107 laudatur,
1447 3055 1583 3098 locum
1605 3056 1714 3097 AEn.
1730 3070 1771 3104 2,
1796 3056 1897 3096 262.
1929 3058 2037 3115 Qae

1217 3129 1310 3156 cum
1334 3114 1391 3156 ita
1420 3114 1510 3164 fint,
1539 3128 1620 3155 non
1654 3112 1844 3155 dubitavi
1876 3114 2038 3158 reddere

1216 3173 1328 3215 suam
1369 3171 1582 3215 lestionem
1620 3171 1768 3220 Fabio,
1816 3170 2039 3227 pmesertim

1217 3245 1314 3273 cum
1336 3228 1401 3272 ille
1430 3230 1632 3288 descensus
1666 3227 1835 3270 demum
1874 3232 2037 3286 magni-

1218 3289 1404 3330 tudinem
1438 3288 1535 3345 equi
1566 3285 1803 3338 horribilem
1831 3286 2045 3340 declaret(

317 3349 930 3410 doQinffllianihunclocnm
944 3348 1136 3405 refert,et
1202 3345 1343 3405 fidg‘ffe
1379 3347 1504 3388 etiam
1544 3346 1586 3388 in
1617 3344 1813 3386 mediocri
1847 3346 2039 3389 machina

299 3409 568 3451 confidenter
594 3408 668 3457 ait,
695 3419 840 3464 praeter
859 3410 924 3450 ὀδ
959 3411 999 3450 δ’.
1034 3423 1136 3460 272,

318 3476 357 3512 et
378 3471 419 3509 θ’.
446 3481 546 3520 503,
567 3479 647 3507 non
669 3464 752 3508 fieri
775 3466 1022 3509 mentionem
1042 3467 1139 3521 equi

319 3524 492 3579 Troiani
503 3523 609 3580 apud
622 3524 943 3567 Homemm.Ac
955 3522 1042 3566 sane
1056 3524 1138 3582 pri-

1112 3607 1206 3661 1³3

1218 3404 1380 3461 aliquot
1401 3403 1586 3446 homines
1605 3403 1829 3459 potuerint.

1280 3466 1375 3574 823¹
1389 3459 1685 3534 jc‘zcug‘ffg-—per
1702 3461 1891 3515 antrum]
1925 3463 2035 3506 AEn.

1226 3536 1266 3579 3»
1387 3550 1400 3562 ·
