2320 4030
319 379 421 417 120
753 366 829 415 M.
866 364 1077 414 FAB‘II
1114 359 1700 414 QUINCTILIANI

315 501 466 585 lllud·
503 500 659 574 plane
701 501 872 576 figura
909 502 1000 568 est,
1030 518 1138 574 qua
1180 499 1381 555 diversa
1413 499 1667 553 sermonis
1703 497 1873 552 forma
1908 516 2039 552 con-

307 584 580 647 jungitur,
1343 600 1346 602 ·

906 669 1054 723 Sociis
1080 680 1213 736 tunc,
1239 687 1382 724 arma
1409 669 1656 742 capffznt
1671 677 1716 735 x,

460 743 639 810 Edico,
667 753 718 796 et>
737 743 854 795 dira
881 741 1062 796 bellum
1086 760 1192 793 cum
1211 750 1360 812 gente
1379 741 1672 814 gerendum.

303 856 583 919 Quamvis
608 855 751 909 enim
777 873 894 927 pars
926 852 1199 924 [bellumr]
1240 853 1490 925 posterior
1522 852 1803 926 participio
1838 852 2047 915 insistat,

318 929 533 1009 utrique
573 938 753 979 tamen
792 925 1043 978 convenit
1084 924 1223 977 illud
1267 925 1397 978 edico
1419 947 1437 978 .-
1492 933 1656 978 ῐιειῐῐιΖ
1695 924 1912 995 utrique
1947 923 2044 976 de-

319 998 594 1052 tractionis
641 997 814 1069 gratia
866 995 1004 1049 facta
1049 993 1374 1066 conjunclio.
1461 994 1772 1045 Συνοικεῖωσιν
1829 1005 2043 1060 vocant,

318 1089 441 1141 quae
467 1069 600 1122 duas
624 1087 706 1121 ros
730 1067 953 1121 diversas
976 1065 1230 1138 colligat:
1258 1066 1386 1119 Tam
1409 1064 1532 1136 deest
1553 1085 1712 1118 avaro
1728 1077 1771 1131 ³,
1795 1066 1928 1136 quod
1948 1066 2043 1117 ha-
2126 1133 2129 1136 y

322 1143 419 1206 bet,
464 1161 612 1214 quam
657 1141 790 1213 quod
826 1160 922 1192 non
967 1138 1133 1190 habet.
1207 1138 1357 1191 Huic
1403 1136 1658 1191 diversam
1707 1136 1896 1190 volunt
1943 1135 2044 1190 effe
2066 1133 2135 1202 65

319 1211 732 1278 distinciionem,
769 1211 858 1265 cui
897 1210 1027 1263 dant
1067 1227 1262 1261 nomen
1299 1210 1683 1276 ωαραδιας-ολήν,
1715 1225 1823 1279 qua
1859 1207 2047 1262 similia

319 1283 768 1336 discernunturbz
827 1283 948 1336 Cum
987 1291 1033 1333 te
1068 1293 1156 1350 pro
1197 1278 1349 1350 qstuto
1369 1278 1650 1351 sapientem
1689 1278 1924 1351 appelles,
1952 1291 2044 1352 pro

321 1354 588 1426 corfidente
611 1354 823 1426 fhrtem,
861 1366 950 1426 pro
988 1351 1227 1403 illiberali
1265 1350 1550 1422 diligentem
1571 1371 1588 1403 .·
1682 1350 1792 1403 uod
1830 1360 2047 1403 toturn‘
2102 1374 2114 1382 ³

320 1426 520 1497 pendet
559 1445 624 1479 ex
665 1425 926 1490 finitione,
959 1423 1208 1494 ideoque,
1234 1440 1299 1474 an
1339 1423 1509 1493 figura
1539 1421 1617 1486 fit,
1691 1421 1862 1475 ubito.
1939 1419 2047 1475 Cui

321 1497 583 1550 contraria
617 1498 689 1550 est
724 1515 804 1562 ea,
827 1515 951 1569 quae
987 1513 1054 1547 ex
1091 1492 1284 1549 vicinia
1317 1493 1498 1547 transit
1532 1491 1601 1547 ad
1635 1491 1836 1547 diversa
1862 1501 1958 1546 aut
1980 1492 2044 1545 fi-

320 1568 491 1636 milia,

836 1665 1022 1720 Brevis
1046 1665 1134 1737 ff
1157 1663 1344 1731 laboro,

469 1738 710 1814 Obscurus
717 1740 819 1812 fio,

322 1862 379 1906 et
419 1873 540 1924 quae
577 1854 887 1924 sequuntur.
959 1849 1205 1904 Tertium
1232 1850 1305 1903 est
1341 1866 1516 1921 genus
1550 1848 1860 1921 figurarum,
1885 1851 2046 1920 quae¹¹
2068 1845 2138 1915 66

323 1934 418 1977 aut
443 1924 785 1977 similitudine
809 1923 985 1994 aliqua
1019 1940 1236 1987 vocum,
1263 1933 1355 1973 aut
1384 1919 1593 1991 paribus
1599 1959 1616 1986 ‚
1641 1932 1733 1973 aut
1769 1921 2049 1975 contrariis

321 2006 571 2048 vertunte
608 1996 665 2047 in
691 1995 741 2047 se
766 2013 938 2060 aureS,
966 2004 1021 2047 et
1055 1992 1262 2046 animos
1283 1993 1298 2024 f
1334 1991 1587 2045 excitant.
1662 1991 1809 2044 Huic
1849 2010 2047 2046 nomen

322 2068 395 2119 est
414 2080 436 2111 g
459 2064 810 2134 ωαρωνομασία
827 2068 879 2129 h,
897 2084 1022 2136 quae
1045 2063 1242 2117 dicitur
1267 2062 1622 2135 agnominatim
1676 2064 1752 2114 Ea
1776 2082 1879 2115 non
1907 2063 2049 2116 ιιιιοί

323 2137 487 2190 modo
514 2136 623 2189 ficri
647 2135 798 2203 solet,
820 2136 910 2189 sed
943 2154 1009 2188 cx
1047 2135 1239 2188 vicinia
1273 2134 1500 2204 quadam
1535 2133 1774 2205 praedicti
1814 2134 2050 2188 nominis

323 2207 505 2272 duola,
533 2207 734 2259 cafibus
760 2206 1087 2263 declinatur:
1131 2217 1191 2259 ut
1212 2207 1224 2238 ¹
1247 2205 1524 2258 Domitius
1549 2204 1682 2258 Afer
1714 2223 1808 2276 pro
1846 2205 2047 2259 Cloan-

323 2280 508 2343 tinam,
538 2277 734 2330 Mulier
775 2298 940 2332 rerum
979 2278 1191 2330 omnium
1233 2278 1482 2349 imperita,
1521 2276 1575 2328 in
1609 2276 1827 2329 omn-ibus
1863 2277 2006 2329 rebus
2027 2286 2049 2310 ¹¹

326 2350 523 2420 fagfelix.
597 2351 667 2401 Et
707 2367 832 2402 cum
879 2350 1037 2402 verbo
1075 2349 1217 2401 idem
1261 2348 1487 2401 verbum
1533 2347 1654 2418 plus
1701 2347 2051 2420 fignificanter
2071 2343 2136 2410 67

324 2420 684 2492 glibjungitun
717 2420 931 2490 Quando
961 2421 1115 2486 homo,
1143 2418 1282 2491 hostis
1320 2418 1470 2471 ho'mo.
1546 2419 1760 2472 Quibus
1796 2419 2052 2492 exemplis

326 2494 440 2544 sum
469 2493 523 2544 in
549 2491 694 2544 aliud
719 2492 856 2559 usuS‚
884 2491 973 2548 sed
996 2491 1053 2544 in
1078 2510 1188 2544 uno
1221 2490 1392 2550 facilis
1424 2489 1497 2549 est
1526 2489 1842 2562 geminatio.
1917 2497 2052 2560 Παρ-

400 2668 418 2687 x
440 2661 660 2712 'capescant
677 2661 784 2700 Jens.
1036 2663 1056 2689 Y
1091 2659 1255 2714 Glffzm
1273 2660 1393 2710 partis
1412 2659 1630 2710 posterioris
1641 2668 1756 2712 putat
1774 2662 1906 2700 Burm.
1926 2665 2020 2699 reae
2037 2662 2054 2698 !

330 2723 347 2742 Ζ
382 2730 465 2755 non
485 2718 535 2754 G.
553 2716 659 2754 Jens.
770 2721 786 2739 ²
818 2727 914 2753 auro
932 2716 1037 2754 Jens.
1147 2717 1163 2739 ὓ
1197 2715 1425 2754 discernunt
1444 2714 1495 2753 G.
1515 2715 1625 2753 Jens.
1740 2721 1755 2739 Ε
1788 2729 1856 2753 om.
1877 2714 1928 2753 G.
1945 2715 2054 2754 Jens.

329 2772 347 2795 ‘¹
382 2771 488 2820 quod
510 2771 576 2807 iid.
689 2771 704 2793 e
738 2778 977 2808 convertunt
997 2770 1047 2808 G.
1154 2765 1172 2793 f
1201 2783 1269 2806 om.
1287 2770 1340 2808 G.
1357 2768 1463 2807 Jens.
1572 2773 1589 2798 Β
1620 2783 1690 2806 om.
1710 2769 1760 2807 G.
1885 2769 1902 2792 ¹¹
1935 2783 2055 2819 ωςοσ-

333 2839 519 2871 ωνομασια
541 2825 591 2861 G.
746 2822 758 2850 ἰ
786 2837 854 2862 om.
875 2823 927 2862 G.
1088 2821 1098 2846 ¹
1133 2831 1172 2860 et
1191 2823 1243 2869 G.
1404 2830 1433 2852 m
1463 2819 1649 2860 Cloatilla
1669 2824 1718 2861 G.
1747 2821 1931 2861 Cloetilla
1947 2823 2054 2861 Jens.

335 2884 355 2902 ¹³
388 2891 520 2916 rerum
540 2877 633 2915 felix
652 2876 758 2915 Jens.
833 2923 838 2931 Ι
912 2884 931 2901 ⁰
961 2875 1065 2916 falfis
1086 2877 1137 2916 G.
1157 2876 1259 2915 faffis
1279 2875 1410 2927 Kapp.
1429 2871 1539 2927 φάσις
1557 2875 1703 2914 invenit
1721 2876 1868 2928 Regius.
1897 2875 2056 2916 facilius

333 2933 439 2971 Leid.
460 2939 522 2983 ap.
543 2933 674 2970 Burm.

395 3082 468 3130 64.
508 3077 631 3120 Sociis
662 3078 776 3131 tunc]
824 3079 934 3120 AEn.
972 3092 1013 3130 3,
1047 3091 1150 3129 234.
1234 3092 1328 3120 rum
1364 3079 1477 3121 vocis
1511 3080 1636 3121 unius
1669 3088 1740 3121 aut
1773 3078 1976 3137 plurium,
2010 3079 2056 3123 in

334 3137 489 3179 Brevis
508 3137 576 3192 eſje
597 3138 749 3178 Horat.
770 3136 874 3178 Art.
898 3137 1017 3179 Poet.
1041 3153 1063 3178 2
1071 3149 1113 3188 5.
1236 3136 1355 3179 aliud
1379 3137 1422 3179 h.
1445 3152 1483 3178 e.
1506 3136 1588 3179 alio
1609 3136 1773 3180 confilio
1801 3147 1840 3179 et
1863 3137 1944 3180 fine
1957 3141 2056 3196 fiam

396 3198 468 3236 66.
501 3194 684 3236 ‘Tertium
716 3193 768 3252 est
781 3195 930 3249 genus]
963 3194 1154 3236 Primum
1237 3195 1343 3253 usus,
1363 3209 1406 3237 v.
1431 3211 1475 3252 g.
1508 3195 1539 3237 s.
1562 3199 1634 3245 28,
1657 3211 1730 3250 29.
1783 3196 1866 3238 Sed
1888 3195 1932 3239 in
1959 3210 2054 3248 uno,

335 3268 406 3310 pet·
446 3252 726 3309 adjeiJionem,
764 3252 939 3295 alterum
977 3266 1048 3310 per
1084 3253 1153 3294 de·
1237 3254 1313 3295 ubi
1331 3252 1463 3295 sensus
1484 3267 1593 3295 unus
1613 3253 1804 3311 idemque
1825 3263 1962 3296 manet
1979 3270 2054 3297 vo-

334 3310 569 3353 traffionem
589 3328 600 3351 .·
633 3311 720 3351 vid.
744 3310 774 3352 s.
799 3326 871 3362 27.
1237 3312 1298 3353 cis
1319 3314 1553 3367 geminatae,
1561 3310 1710 3366 facilis
1736 3313 1891 3355 dicenti
1919 3313 1971 3355 ad
1990 3313 2056 3355 in-

397 3373 466 3420 67.
490 3368 647 3426 Qibus
664 3367 876 3425 exemplis]
900 3370 1059 3411 Locum
1077 3369 1155 3410 mi·
1236 3370 1498 3418 veniendum,
1530 3381 1570 3411 et
1604 3370 1784 3412 auditori
1815 3369 1866 3412 ad
1902 3369 2056 3414 intelli-

335 3426 378 3469 hi
428 3425 719 3468 difficillimum
767 3427 818 3468 fic
868 3428 1157 3483 interpretatur
1238 3427 1434 3483 gendum,
1466 3427 1519 3484 est
1541 3426 1792 3483 geminati03
1831 3427 2056 3479 difficilior,

340 3484 598 3526 Werlhofius
619 3499 751 3528 meus.
782 3483 940 3542 Qcibus
959 3485 1002 3525 h.
1020 3500 1057 3526 e.
1082 3500 1153 3526 cu·
1238 3486 1314 3527 ubi
1345 3484 1478 3527 sensus
1510 3494 1714 3527 mutatur.
1761 3488 1856 3542 Ego
1883 3486 1951 3528 hic
1975 3487 2057 3530 Fa-

330 3545 400 3599 jus
422 3544 581 3600 generis
599 3541 808 3600 exemplis,
828 3544 1011 3602 repetitae
1031 3543 1157 3585 nimi·
1240 3544 1376 3595 bium,
1395 3557 1485 3587 mea
1503 3543 1610 3587 forte
1628 3543 1767 3602 culpa,
1785 3543 1978 3587 defidero.
2037 3592 2046 3599 .
