2320 4030
1187 177 1214 193 Δ

283 337 349 400 38
668 336 746 385 M.
783 325 991 385 FABII
1031 327 1605 385 'QUINCTILIANI
1646 327 1655 334 ’

284 491 380 544 pro
404 470 619 543 Ligario
645 454 854 537 Cicero,
889 470 1035 523 Quod
1048 470 1105 541 si
1139 469 1194 522 in
1218 469 1310 523 hac
1341 463 1487 523 ἰαπῖά
1511 477 1598 524 tua
1616 463 1838 542 fortuna
1876 471 2020 526 leni?
2046 456 2069 475 ⁸

272 539 366 596 ‘tas
387 552 407 575 ¹¹
434 553 579 596 tanta
617 562 712 595 non
758 543 886 614 fft,
938 551 1177 612 quantam
1195 549 1216 571 ¹
1238 552 1291 593 tu
1324 553 1410 613 per
1443 550 1507 606 te,
1544 552 1637 623 per
1676 552 1741 606 te,
1779 543 2002 616 inquam,

282 614 504 667 obtines.-
562 613 803 684 intelligo,
845 612 970 685 quid
1006 611 1182 683 loquar
1202 633 1219 663 .·
1273 612 1442 665 tacuit
1470 630 1618 670 ‘emm
1663 613 1818 679 illud,
1856 615 2006 686 quod

273 685 633 738 >nihilominus
658 683 968 756 accipimus,
1003 701 1110 735 non
1149 681 1317 735 deefl'e
1348 682 1617 748 homineS,
1655 684 1749 755 qui
1788 685 1856 737 ad
1880 692 2003 738 cru-‘-

279 755 560 809 'delitatem
594 772 722 808 eum
755 754 828 806 im
899 753 1103 806 llerent.
1177 752 1500 824 Abscinditur
1533 771 1627 825 per
1668 753 2002 823 ἀποσιώπησιν,
2058 812 2069 824 δ

283 845 424 897 quae,
450 827 701 898 quoniam
727 824 800 878 est
898 843 1010 889 ura,
1046 822 1294 876 reddetur
1329 824 1421 877 suo
1462 826 1602 879 loce.
1676 826 1762 878 Est
1801 825 1854 878 in
1882 826 1999 880 vul·
2024 820 2096 880 86

281 922 284 926 ·
326 898 501 951 aribus
541 913 757 968 quoque
782 843 957 949 vexffiis
1005 893 1280 965 empilafiS,
1325 895 1494 948 Virum
1535 896 1623 966 effe
1669 907 1888 968 oportet.-
1926 907 2000 964 et,

283 916 444 1021 {fonto
467 968 529 1039 ‘st
549 967 634 1019 ille
653 988 669 1020 .·
706 977 779 1032 et,
815 966 1090 1018 Vivendzcm
1109 963 1187 1035 (st.
1261 965 1418 1020 Adeo
1445 967 1622 1020 similis
1652 969 1724 1020 est
1760 969 1857 1020 arti
1883 968 2000 1040 ‘ple-

284 1057 507 1110 rumque
530 1049 736 1090 natura.
810 1037 936 1090 Non
961 1047 1138 1089 tamen
1178 1036 1297 1088 satis
1321 1036 1647 1110 eloquentiae
1671 1041 1760 1109 est,
1806 1054 1886 1103 ea,
1933 1039 2002 1093 de

284 1110 477 1179 quibus
504 1109 648 1162 dicat
664 1118 708 1173 Y,
733 1107 870 1160 clare
907 1117 1068 1178 atque
1103 1106 1376 1160 evidenter
1415 1108 1721 1162 ostendere:
1759 1109 1846 1162 sed
1880 1110 2002 1175 sunt

283 1179 442 1233 multi
467 1197 528 1233 ac
552 1179 679 1233 varii
703 1178 1007 1232 excolendae
1031 1188 1054 1211 Ζ
1077 1178 1332 1231 orationis
1371 1179 1536 1233 modi.
1609 1182 1753 1233 Nam
1780 1191 1835 1234 et
1851 1189 1872 1212 ²
1896 1181 2002 1253 ipsa
2021 1181 2088 1251 87

281 1251 373 1303 issa
398 1250 599 1318 ἀφέλεια
624 1249 835 1321 fimplex
862 1261 915 1301 et
954 1250 1248 1302 inaffe&ata
1286 1250 1448 1303 habet
1488 1251 1774 1322 quemdam
1802 1265 2000 1324 purum,

282 1321 451 1393 qualis
475 1320 633 1373 etiam
662 1321 715 1373 in
742 1320 953 1373 feminis
978 1332 1206 1386 amat-ur,
1232 1331 1478 1386 ornatum,
1509 1332 1564 1374 et
1598 1322 1718 1375 sunt
1754 1323 1998 1395 quaed'am

281 1394 430 1447 velut
452 1410 483 1443 e
508 1392 655 1444 tenui
673 1391 952 1464 diligentia
974 1392 1113 1444 circa
1131 1391 1502 1463 proprietatem
1531 1393 1998 1466 significationem-

279 1482 385 1534 que
432 1462 732 1525 munditiae.
825 1463 952 1516 Alia
997 1463 1132 1534 copia
1183 1462 1408 1536 locuples,
1451 1464 1553 1516 alia
1599 1466 1818 1519 floribus
1858 1466 1998 1534 laetq.
2023 1465 2090 1518 88

288 1535 482 1588 Vir-ium
507 1551 614 1585 non
637 1553 804 1587 unum
830 1552 1021 1605 genus.
1093 1535 1259 1598 Nam,
1288 1534 1550 1605 quidquid
1591 1536 1646 1588 in
1686 1536 1777 1589 suo
1801 1555 2001 1610 genere

265 1606 401 1659 'satis
450 1604 672 1673 effectum
719 1606 807 1670 est,
870 1605 1025 1657 valet.
1142 1606 1406 1676 Praecipua
1450 1617 1630 1659 tamen
1680 1607 1794 1679 ejus
1841 1626 2002 1679 opera

281 1666 477 1735 &ivm-c}
511 1675 565 1727 in
582 1678 610 1734 b,
629 1677 982 1747 exaggeranda
1009 1675 1309 1747 indignitate
1331 1696 1347 1741 3
1411 1687 1463 1728 et
1490 1677 1544 1729 in
1572 1679 1762 1731 ceter-is
1787 1679 2000 1733 altitudo
2059 1706 2061 1708 ’

277 1744 561 1815 qufaedam3
596 1746 842 1813 mamete
885 1746 938 1798 in
983 1747 1300 1818 concipiendis
1323 1746 1623 1818 visionibus3
1665 1751 1922 1817 ἐξεργασία
1943 1751 1999 1804 in

280 1812 530 1884 efficiendo
557 1815 703 1869 velut
727 1834 883 1886 opere
910 1818 1172 1890 proposito
1196 1839 1211 1883 3
1252 1817 1340 1872 cui
1379 1818 1628 1888 adjicitur
1668 1821 1999 1888 ἒπεξεργασία,

277 1886 494 1958 repetitio
524 1887 826 1960 probationis
867 1887 1120 1961 ejusdem,
1173 1889 1230 1942 et'
1274 1891 1523 1943 cumulus
1573 1910 1638 1943 ex
1688 1891 1998 1949 abundanti.

275 1955 515 2025 Ἐνὲργεια
552 1958 774 2011 confinis
817 1959 900 2011 his
925 1961 1015 2026 est,
1053 1960 1119 2012 ab
1149 1961 1339 2032 agendo
1376 1960 1555 2027 dueta,
1595 1972 1650 2014 et
1683 1961 1836 2033 eujus
1873 1981 1997 2032 pro-
2022 1964 2090 2036 89

278 2026 390 2096 pria
432 2027 493 2080 fit
529 2029 715 2095 virtue,
754 2049 860 2083 non
905 2031 1025 2096 effe,
1078 2050 1200 2102 quae
1247 2032 1515 2095 dicuntur,
1562 2033 1743 2086 otiosa.
1820 2035 1905 2086 Est
1947 2047 2003 2089 et

278 2117 502 2150 amarum
527 2100 800 2171 quiddam,
848 2102 992 2173 quod
1030 2102 1138 2155 fere
1177 2101 1230 2154 in
1277 2103 1603 2156 contumelia
1646 2105 1716 2157 est
1755 2105 2000 2175 positum,

277 2167 434 2238 quale
480 2171 549 2222 est
578 2171 753 2236 Caffii,
794 2173 930 2225 Quid
944 2172 1131 2242 facies,
1172 2191 1278 2225 cum
1300 2183 1322 2223 “A
1345 2174 1398 2226 in
1424 2174 1549 2226 bona
1596 2185 1684 2228 tua
1727 2177 1950 2248 invqsero
1970 2180 2003 2231 ?

277 2239 364 2290 hoc
388 2238 467 2308 cst,
494 2263 602 2294 cum
625 2252 671 2294 te
703 2245 902 2296 docuero
937 2245 1116 2315 nescire
1139 2245 1423 2297 maledicere
1441 2248 1472 2297 ?
1516 2248 1585 2298 Et
1611 2267 1740 2313 acre,
1783 2258 1843 2300 ut
1865 2246 2004 2303 illud

278 2308 458 2375 Craffi,
499 2313 612 2383 Ego
630 2315 652 2347 ‘¹
678 2324 723 2365 te
749 2315 983 2386 consulem
1008 2336 1114 2367 cum
1133 2325 1319 2388 putem,
1358 2325 1412 2368 tu
1447 2337 1520 2368 me
1543 2338 1639 2370 non
1674 2329 1820 2391 -putes
1842 2320 2000 2390 fina-

278 2390 444 2433 torem.
534 2384 641 2436 Sed
684 2385 761 2436 vis
801 2385 1021 2438 oratoris
1061 2386 1235 2440 omnis
1283 2387 1337 2439 in
1385 2389 1609 2459 augendo
1650 2391 2003 2462 minuendoque

277 2452 520 2505 consistit.
596 2455 827 2526 Utrique
852 2457 989 2528 parti
1033 2457 1258 2510 totidem
1294 2458 1462 2524 modi,
1500 2478 1566 2512 ex
1589 2460 1784 2531 quibus
1810 2461 2000 2532 praeci-

276 2539 415 2592 puos
462 2524 826 2598 attingemus:
893 2527 1083 2600 reliqui
1132 2529 1322 2581 fimiles
1369 2541 1545 2584 erunt.
1637 2529 1775 2584 Sunt
1821 2543 2000 2585 autem

274 2592 423 2663 pofiti
450 2594 500 2646 in
531 2598 692 2661 rehm,
714 2608 768 2650 et
792 2599 974 2650 verbis·
1052 2599 1178 2663 Sed,
1219 2596 1341 2671 quae
1380 2601 1441 2652 fit
1463 2619 1635 2654 rerum
1675 2603 1912 2656 inventio
1936 2621 1998 2657 ac
2021 2618 2091 2672 90

274 2663 428 2731 ratit),
466 2667 837 2721 traetavimus:
879 2688 1043 2736 nune,
1081 2670 1211 2741 quid
1236 2670 1436 2724 elocutio
1459 2672 1670 2726 attollat
1692 2685 1784 2727 aut
1821 2674 1997 2747 depri-

274 2745 405 2799 mat,
443 2736 750 2792 dicendum.
1478 2749 1481 2751 ’
1755 2808 1759 2813 ,

348 2807 446 2859 IV.
500 2808 672 2861 Prima
712 2810 783 2862 est
819 2809 986 2883 igitur
1025 2810 1369 2884 amplificandi
1408 2813 1487 2866 vel
1517 2815 1767 2867 minuendi
1802 2814 1999 2887 species

273 2874 328 2926 in
356 2876 465 2948 ipso
490 2879 594 2930 rei⁶
618 2881 832 2942 ¹nomine,
871 2893 951 2947 ut,
974 2901 1102 2935 ‘cum
1138 2902 1282 2948 eum,
1309 2884 1400 2954 qui
1446 2885 1506 2938 fit
1552 2888 1720 2958 caesuS,
1757 2887 1993 2959 occisum3

260 2964 415 3014 veum,
473 2950 566 3021 qui
615 2951 675 3003 sit
722 2952 989 3023 improbus,·
1023 2953 1299 3020 latronem3
1364 2966 1653 3028 contraque
1692 2977 1839 3025 eum,
1899 2959 1994 3032 qui

280 3173 284 3180 ι
343 3134 363 3154 “
395 3130 552 3170 bonitas
572 3132 623 3170 G.
645 3134 749 3173 Jens.
871 3141 892 3165 Χ
921 3142 1046 3187 quam
1082 3137 1148 3176 iid.
1275 3142 1299 3175 Y
1328 3138 1425 3176 dicit
1456 3139 1506 3178 G.
1633 3146 1656 3168 2
1682 3139 1920 3179 extollendae
1940 3141 1991 3180 G.

272 3187 289 3205 ¹
309 3197 376 3222 om.
394 3184 444 3223 G.
460 3185 565 3223 Jens.
677 3188 694 3215 b
714 3202 782 3227 om.
804 3189 855 3227 G.
949 3196 963 3214 ⁶
985 3193 1022 3228 vi
1045 3192 1111 3243 ity‘.
1129 3193 1179 3229 G.
1269 3194 1286 3218 ‘¹
1323 3193 1407 3241 Ego
1427 3201 1466 3231 te
1484 3193 1690 3233 consulem
1709 3204 1867 3245 putem,
1895 3205 1992 3234 cum

270 3243 314 3275 tu
335 3249 417 3279 non
436 3248 550 3289 putes
570 3251 635 3279 me
651 3241 725 3281 effe
745 3244 964 3282 senatorem
984 3246 1034 3283 G.
1053 3246 1159 3284 Jens.
1269 3251 1286 3272 θ
1319 3258 1452 3285 rerum
1469 3247 1521 3286 G.

330 3431 352 3468 8
361 3443 401 3481 5.
420 3430 496 3486 fico
523 3428 622 3484 loco]
657 3448 698 3487 9,
725 3447 764 3485 3,
785 3435 859 3476 60.
1170 3435 1420 3493 tollendique
1472 3436 1602 3487 modi,
1662 3436 1835 3480 totidem
1897 3437 1990 3480 fimt

330 3489 400 3539 89.
433 3486 592 3528 totidem
621 3490 746 3542 modi]
793 3491 1084 3548 Oppofitorum
1167 3495 1379 3536 minuendi
1414 3508 1461 3536 ac
1487 3495 1758 3551 deprimendi.
1819 3494 1919 3538 Vid.
1945 3499 1987 3547 8,

268 3543 405 3585 eadem
426 3545 559 3598 rati03
592 3558 695 3602 quot
715 3548 806 3591 sunt
825 3550 1001 3606 augendi
1020 3566 1086 3596 ex·
1166 3566 1211 3604 4,
1235 3556 1305 3594 28.
1341 3556 1382 3603 8,
1405 3555 1447 3603 6,
1471 3555 1542 3595 68.
1943 3577 1949 3579 >
