2320 4030
331 366 392 421 70
714 353 788 403 M.
825 333 1033 435 mnu
1070 350 1646 404 QUINCTILIANI
1702 358 1706 365 ·

322 493 449 545 est‘e
475 488 686 544 duobus
711 487 1012 544 intellectus
1031 500 1073 543 Ρ.
1147 488 1367 563 Alioqui
1385 499 1427 556 q,
1453 489 1549 544 ubi
1575 489 1706 543 nihil
1735 507 1802 544 ex
1837 489 2032 566 signifi·
2057 482 2124 550 67

322 562 533 622 catione
556 571 822 634 mutatum
847 561 937 626 est,
962 571 1017 615 et
1041 560 1292 615 structura
1316 560 1422 614 sola
1445 562 1691 628 variatur,
1700 562 1918 635 figura‘
1944 582 2040 636 po-

323 634 429 687 tius
452 633 710 687 verborum
735 631 842 685 dici
868 632 1034 703 potest
1056 653 1068 684 z
1109 631 1238 685 ficut
1262 632 1422 689 multi
1439 641 1453 664 ⁸
1487 633 1836 688 narrationem
1860 634 1949 688 lon
1993 635 2040 689 ‘s

270 709 272 712 ’
321 715 535 759 mutant
559 703 885 776 hyperbatis,
957 704 1046 776 Ex⁴
1076 702 1300 756 confusis
1336 721 1457 774 quae
1493 703 1620 758 vitia
1649 705 1920 773 accidunt,
1967 724 2041 760 uo

318 776 446 831 loco
503 775 755 829 diximus,
830 773 1143 846 Hyperbolen
1202 773 1496 828 audacioris
1536 787 1772 830 'ornatus
1833 777 2041 830 summo

315 847 446 903 loco
490 846 656 918 posui.
729 845 816 898 Est
851 845 968 898 haec
1005 845 1289 898 ementienst
1312 846 1624 918 superjee‘tio.
1698 847 1887 902 Virtus
1924 847 2040 902 e’us

314 938 391 973 ,ex
437 918 639 972 diverso
685 935 777 988 par
820 915 1051 988 augendi
1097 925 1258 987 atque
1305 917 1603 971 minuendi.
1676 917 1762 972 Fit
1834 918 1936 973 luri
1975 939 2041 990 us
2061 900 2131 988 53

325 989 519 1042 modis,
592 989 709 1041 Aut
732 987 876 1039 enim
903 986 1022 1058 plus
1045 986 1184 1040 facio
1210 986 1437 1042 dicimus
1457 1009 1475 1040 .-
1515 997 1535 1020 ¹'
1557 938 1946 1063 nmensssvstis
1968 992 2041 1063 ‹ff—

316 1060 533 1125 ,calentis-
550 1059 794 1132 gremium
796 1059 954 1131 suum
979 1068 1024 1110 et
1050 1068 1200 1111 totum
1224 1057 1452 1112 tribunal
1474 1057 1717 1132 implevit.
2009 1071 2014 1074 ’

630 1158 917 1231 Geminique
942 1157 1197 1211 minantur
1376 1231 1381 1236 ἱ
1406 1157 1470 1211 In
1495 1157 1666 1212 eoelum
1671 1158 1884 1234 scopuli.

328 1274 443 1328 Aut
465 1291 546 1326 res
572 1289 666 1345 per
691 1248 1089 1325 similitudinem
1114 1269 1440 1325 attollimus:
1670 1261 1671 1265 ¹

637 1370 822 1424 Credas
849 1370 1062 1424 innare*
1087 1369 1314 1443 revulsas
1465 1383 1475 1390 ‘
1531 1370 1789 1443 Cycladas.
1811 1379 1826 1393 “’

332 1456 448 1543 Aut
471 1504 565 1560 per
589 1483 1040 1557 comparationem
1066 1504 1080 1538 z
1119 1492 1181 1538 ut
1202 1492 1246 1553 Ζ,
2023 1522 2025 1524 -
2070 1473 2138 1541 69

633 1583 875 1637 Fulminis
898 1583 1021 1636 ocior
1044 1581 1160 1637 alis.

331 1701 446 1756 Aut
472 1692 631 1772 fignis
655 1697 795 1771 quafi
823 1695 1155 1769 quibusdam,

471 1797 575 1850 Illa
599 1797 684 1851 vel
705 1795 1101 1868 intadaefigctis
1120 1806 1211 1868 per
1219 1796 1424 1868 summa
1445 1794 1641 1849 volaret

481 1869 748 1934 Gramina,
774 1888 861 1920 nec
885 1877 1076 1920 teneras
1100 1868 1237 1939 cursu
1261 1867 1448 1940 laestfflt
1470 1869 1549 1920 ari
1587 1887 1665 1922 as.

333 1981 438 2038 Vel
461 1978 813 2051 transsatione,
839 1989 902 2033 ut
925 1976 1094 2051 ipsum
1119 1977 1256 2032 illud
1277 1978 1489 2041 volaret.
1564 1977 1766 2034 Crescit
1793 1978 2004 2035 interim
2028 1988 2048 2014 ²
2071 1984 2141 2042 70

332 2052 649 2126 hyperbole,
684 2050 787 2104 alia
824 2050 1029 2122 insuper
1064 2050 1282 2104 addi-ta:
1324 2061 1385 2103 ut.
1421 2050 1613 2104 Cicero
1652 2050 1706 2103 in
1746 2050 2050 2106 Antonium

336 2126 486 2191 dicit,
518 2125 642 2177 Quae
671 2124 807 2175 Char
826 2122 947 2175 ''bdis
974 2131 1074 2175 tam
1105 2141 1263 2175 vorax
1284 2123 1316 2174 ,9
1355 2122 1641 2192 Charybdin
1665 2122 1768 2176 dico
1787 2125 1819 2176 ἕ)
1853 2123 2059 2196 quae,fi

317 2196 451 2270 fuit,
469 2195 589 2266 suit
612 2145 976 2247 arzimafunum
996 2216 1013 2247 .·
1057 2193 1294 2260 OceanuS,
1323 2194 1506 2246 medius
1521 2193 1710 2265 fidiae,
1735 2195 1827 2248 vix
1851 2195 2053 2248 videtur

335 2279 407 2322 tot
443 2287 537 2332 res,
575 2277 676 2319 tam
714 2264 986 2338 dffpataS,
1014 2270 1117 2319 tam
1154 2264 1444 2335 distantibus
1480 2264 1533 2317 in
1569 2265 1684 2318 locis
1715 2266 1911 2338 ρρβίαε,
1950 2275 2053 2323 tam

335 2340 425 2394 cito
461 2338 709 2409 absorbere
737 2338 962 2410 potuisti.
1037 2337 1362 2408 Exquifitam
1398 2354 1519 2390 vero
1545 2336 1766 2408 figuram
1794 2336 1953 2410 hujus
1977 2335 2052 2390 rei
2075 2341 2139 2398 71

338 2407 730 2482 deprehendisse
771 2409 914 2481 apud
955 2407 1250 2480 principem
1290 2408 1605 2481 Lyricorum
1649 2407 1929 2462 Pindarum
1970 2407 2054 2462 vi-

337 2483 467 2536 deor
503 2481 557 2533 in
593 2479 750 2545 libro,
775 2499 935 2552 quem
974 2479 1229 2551 inscripsit
1263 2478 1413 2549 ὅμνος.
1487 2477 1540 2532 Is
1566 2497 1798 2562 namque
1824 2479 2058 2534 Herculis

336 2554 563 2627 impetum
588 2551 824 2624 adversus
848 2553 1106 2623 MeropaS,
1131 2551 1227 2623 qui
1263 2551 1318 2604 in
1355 2550 1521 2604 insula
1556 2550 1640 2604 Co
1673 2549 2056 2605 dlcunturha·

337 2623 537 2689 bitaffe,
562 2641 670 2675 non
696 2623 831 2696 igni,
858 2641 955 2676 nec
981 2622 1171 2688 ventiS,
1197 2641 1295 2676 nec
1322 2623 1474 2688 mari,
1501 2621 1587 2676 sed
1595 2621 1814 2693 fulmini
1838 2622 1958 2676 dicit
1972 2623 2055 2694 st·

339 2694 665 2766 milemfuff:
682 2716 699 2746 .·
733 2704 795 2747 ut
817 2693 906 2747 illa
930 2694 1154 2760 minora,
1181 2693 1284 2747 hoc
1307 2712 1399 2766 par
1420 2694 1564 2748 esset.
1627 2693 1793 2748 Quod
1818 2693 2055 2748 imitatus
2077 2695 2150 2756 72

339 2767 552 2831 CicerO,
593 2765 686 2818 illa
723 2765 1021 2837 composuit
1064 2765 1119 2819 in
1157 2767 1403 2831 Verrem,
1450 2765 1750 2837 Versabatur
1787 2765 1840 2818 in
1882 2764 2058 2819 Sicilia

341 2839 484 2911 longo
507 2835 774 2890 intervallo
798 2857 895 2889 non
920 2837 1178 2908 Dionysius
1215 2837 1317 2903 ille,
1342 2857 1429 2890 nec
1466 2836 1724 2902 Phalaris,
1756 2835 1895 2907 (tulit
1930 2835 2059 2889 enim

339 2908 434 2964 illa
458 2909 704 2983 quondam
740 2907 902 2981 insula
927 2907 1102 2962 multos
1138 2918 1185 2962 et
1221 2908 1435 2961 crudeles
1471 2910 1721 2980 gyrannos)
1744 2909 1848 2981 sed
1877 2923 2059 2964 novum

398 3057 419 3089 P
447 3052 513 3095 Sic
527 3053 632 3093 Jens.
661 3051 927 3093 intelleffibus
945 3052 997 3092 al.
1105 3056 1126 3088 ‘l
1153 3052 1383 3104 Aliquando
1399 3053 1451 3091 id.
1579 3057 1595 3079 ¹·
1624 3052 1732 3103 tigna
1751 3053 1803 3092 G.
1961 3055 1979 3078 ⁸
2006 3063 2060 3093 ex

344 3110 409 3148 his
428 3109 494 3161 ins:
514 3107 564 3147 G.
583 3108 689 3146 Jens.
903 3108 915 3133 t
946 3109 995 3146 de
1015 3107 1209 3154 mensuris
1226 3108 1331 3147 Jens.
1371 3107 1647 3159 Anfhmniavit
1665 3106 1838 3147 librarius
1854 3105 2002 3160 aliquid
2014 3108 2069 3158 de,

344 3162 478 3201 Italico
498 3162 702 3202 smisurato
720 3171 786 3201 aur
806 3161 954 3201 Gallico
972 3161 1174 3200 demesure
1190 3163 1206 3200 ?
1371 3165 1392 3188 ¹¹
1419 3161 1519 3202 ficut
1538 3162 1605 3215 insi
1625 3161 1676 3202 G.
1836 3163 1860 3187 Χ
1887 3161 1931 3201 in
1950 3172 2061 3202 mare

348 3217 399 3257 G.
421 3216 564 3270 vitiose.
672 3220 695 3243 2
722 3224 762 3255 et
781 3216 831 3256 G.
940 3218 959 3242 ²
987 3216 1190 3255 interdum
1209 3216 1271 3256 G..

407 3343 482 3383 68.
527 3339 784 3399 Geminique]
836 3342 943 3384 AEn.
980 3355 1021 3391 1,
1060 3343 1160 3386 162.
1244 3339 1557 3398 expeditionem,
1595 3348 1733 3383 monet
1778 3340 2063 3391 Burmannus,

350 3399 504 3442 Credas
519 3399 628 3440 AEn.
648 3403 690 3449 8,
708 3401 809 3454 691.
841 3397 1032 3441 Fulminis
1052 3399 1162 3442 AEn.
1246 3400 1371 3442 Nem.
1391 3415 1437 3452 4,
1456 3413 1531 3451 41,
1561 3407 1602 3441 et
1632 3399 1776 3441 Isthm.
1810 3401 1853 3450 6,
1874 3401 1964 3452 463
1995 3397 2062 3441 sed

357 3473 397 3511 ς,
422 3471 517 3511 3¹9·
562 3456 641 3498 Illa
660 3456 739 3499 vel
755 3458 864 3500 AEn.
890 3472 932 3509 7,
955 3460 1055 3500 808.
1097 3456 1166 3500 Gi·
1246 3458 1350 3501 nihil
1369 3457 1442 3500 ess'e
1461 3458 1520 3499 ibi
1542 3456 1663 3511 hujus
1683 3457 1943 3515 hyperboles.

351 3528 440 3558 cero
460 3514 501 3556 in
523 3514 667 3556 Anton.
691 3514 800 3557 Phil.
827 3530 869 3557 2.
894 3530 965 3567 27.
1309 3532 1382 3569 72.
1413 3515 1456 3558 in
1486 3515 1673 3569 Verrem]
1710 3529 1751 3568 5,
1787 3517 1857 3569 56.
1890 3513 1978 3562 Vix
2005 3514 2066 3575 qs·

414 3587 486 3625 71.
523 3571 980 3630 Herculis-Meropas]
1022 3572 1169 3632 Respi-
1237 3572 1348 3632 fibus
1366 3574 1490 3635 Virg.
1514 3573 1609 3620 Ecl.
1635 3588 1676 3631 3,
1700 3587 1799 3631 103·

353 3644 442 3676 cere
481 3627 706 3676 Pindarum
745 3631 796 3677 ad
830 3631 935 3676 hanc
972 3631 1170 3678 Herculis
1493 3660 1497 3661 ν
