2320 4030
234 302 240 307 ’
317 324 399 392 64v
705 323 786 379 Μ.
819 323 1030 376 FABn
1071 325 1662 379 QUINCTILIANI

315 462 568 534 totusque
594 460 686 517 ille
706 462 920 518 Horatii
944 463 1117 530 locus,
1137 483 1246 538 quo
1266 464 1441 519 navim
1463 483 1560 539 pro
1583 465 1860 538 republica
1870 468 2059 538 f‚flue-'

314 545 455 588 tuum
484 534 821 618 tempestates}
848 554 952 618 pro
975 537 1135 590 bellis
1161 537 1430 603 civilibus,
1448 547 1646 611 portum
1680 556 1777 610 pro
1810 555 1942 611 pace
1965 549 2053 594 at-

311 624 418 678 que
446 607 734 660 concordia
756 607 908 661 dlclt.
982 607 1118 661 Tale
1143 608 1447 675 LucretiuS,

453 704 600 758 Avia
614 703 637 737 ¹⁸
664 704 924 759 Pieridum
943 718 1162 779 peragro
1186 704 1460 763 loca.—

2071 615 2149 685 4⁵

310 828 371 874 et
392 819 681 892 Virgilius,

455 919 560 974 Sed
580 940 664 973 nos
689 919 971 993 immensum
977 920 1167 992 spatiis-
1186 919 1475 992 confecimus
1497 937 1669 992 aequor
1684 939 1706 972 .·

454 993 531 1044 Et
537 993 659 1063 jam
683 1001 870 1064 tempus
894 1012 1070 1064 equum
1074 992 1346 1064 fumantia
1364 991 1378 1024 ¹
1389 991 1594 1064 solvere
1616 990 1786 1048 colla.'

279 1107 283 1110 ’
310 1104 439 1160 Sine
464 1103 802 1158 transsatione
826 1122 953 1159 vero
975 1103 1032 1158 in
1055 1103 1352 1173 BucoliciS,

454 1204 598 1257 Certe
621 1203 841 1277 equidem
867 1204 1146 1270 audieram,
1171 1225 1274 1277 qua
1281 1205 1345 1275 se
1349 1202 1633 1276 subducere
1654 1200 1800 1257 colles

445 1276 717 1349 Incipiunt,
746 1275 977 1348 mollique
984 1276 1170 1349 jugum
1195 1276 1446 1328 demittere
1470 1275 1622 1342 cliv0,
1784 1306 1789 1312 ·

454 1348 615 1420 Usque
640 1349 713 1399 ad
732 1368 937 1420 aquam,
965 1357 1012 1399 et
1035 1347 1219 1400 veteris
1225 1348 1345 1418 jam
1360 1347 1371 1379 ¹
1380 1345 1568 1418 sraela
1594 1344 2011 1421 cacuminafagi,

451 1418 635 1472 Omnia
659 1419 960 1472 carminibus
982 1418 1430 1493 vestrumfi’rvaff
1451 1415 1768 1472 Menalcam.

303 1530 432 1584 Hoc
469 1529 613 1583 enim
650 1529 773 1583 loco
798 1539 990 1602 praeter
1014 1547 1211 1583 nomen
1253 1537 1430 1584 cetera
1463 1547 1559 1600 pro
1596 1527 1691 1582 riis
1717 1527 1892 1585 decisa
1920 1529 2042 1586 sunt
2058 1549 2131 1611 47

302 1601 515 1656 verbis:
557 1619 740 1654 verum
767 1621 875 1654 non
908 1602 1078 1673 pastor
1115 1600 1402 1667 Μεηαῖεαε,
1427 1600 1519 1654 sed
1608 1601 1810 1673 irgilius
1845 1603 1918 1656 est
1951 1601 2040 1656 in·-

302 1673 650 1744 telligenduS.
724 1674 910 1726 Habet
935 1672 1083 1726 usum
1109 1672 1232 1726 talis
1267 1673 1538 1744 allegoriae
1574 1671 1886 1744 frequenter
1917 1688 2046 1731 ora-i

301 1745 402 1811 tio,
427 1744 517 1796 sed
539 1763 657 1797 raro
682 1743 850 1797 totius
872 1767 888 1796 .·
916 1744 1234 1817 plerumque
1257 1745 1450 1816 apertis
1474 1743 1741 1816 permixta
1759 1745 1851 1799 est.
1893 1746 2041 1802 Tota

301 1816 441 1887 apud
469 1815 788 1868 Ciceronem
823 1816 965 1869 talis.
1042 1817 1153 1870 Hoc
1187 1816 1338 1870 miror
1372 1815 1521 1882 enim,
1547 1835 1725 1899 queror
1759 1835 1839 1884 ue,
1864 1836 2037 1891 quem-

299 1908 449 1960 quam
475 1887 710 1940 hominem
737 1887 811 1940 ita
833 1888 1142 1961 pefficmdare
1166 1888 1379 1941 alterum
1416 1887 1585 1942 verbis
1620 1886 1708 1941 vel
1728 1907 1772 1954 e,
1798 1898 1858 1942 ut
1887 1888 2037 1943 etiam

298 1979 483 2012 navem
513 1958 752 2031 perforet,
795 1959 850 2011 in
894 1981 995 2030 qua
1034 1959 1134 2032 ipse
1176 1959 1406 2031 naviget.
1483 1959 1629 2014 Illud
1673 1958 2030 2015 commixtum
2054 1965 2130 2034 48

297 2029 795 2101 frequentiffimum.
873 2032 1127 2102 Equidem
1161 2044 1343 2085 ceteras
1378 2029 1691 2105 tempestates.
1709 2040 1757 2082 et
1788 2030 2036 2113 procellas
2080 2061 2083 2065 ’

297 2101 354 2154 in
391 2100 495 2154 illis
533 2099 1057 2227 duntaxaiqfluffl‘bus
1095 2104 1372 2157 concionum
1391 2104 1591 2175 semper
1618 2101 1812 2155 Milom
1845 2103 2036 2185 puta-vi

295 2174 386 2245 ff
390 2173 706 2246 subeundas.
828 2174 882 2227 1fi
910 2173 1178 2248 adjeciffet
1202 2175 1456 2229 duntaxat
1460 2175 1710 2249 fluflibus
1733 2193 2033 2245 concionum,

1949 1112 1953 1116 ’
2017 1104 2145 1175 ’46

747 2373 767 2399 ⁸
797 2370 1077 2421 tempestatem
1097 2370 1150 2409 G.
1278 2369 1299 2395 ¹²
1329 2370 1407 2409 Via
1423 2369 1529 2409 Jens.
1549 2376 1585 2407 et
1606 2369 1652 2409 V.
1676 2367 1723 2408 G.
1742 2368 1847 2410 Alm.
1865 2369 2000 2424 vitiose
2013 2385 2030 2412 .·

349 2365 370 2393 f

395 2368 546 2419 populo
566 2369 617 2408 G·
1100 2423 1114 2454 i
1142 2425 1370 2476 spumantia
1389 2426 1442 2465 G.
1457 2424 1564 2466 Jens.
1585 2422 1805 2478 etplm‘qu‘
1821 2425 1946 2468 MSS·
1962 2434 2028 2478 ’Ψ

292 2422 403 2462 invia
422 2423 530 2462 multi
547 2431 609 2474 ap.
629 2420 725 2462 Bur.
748 2423 787 2462 V
785 2423 836 2462 id.
855 2438 911 2462 no.
958 2455 964 2463 ,

294 2476 392 2521 Bur.
412 2479 453 2516 V
454 2477 506 2516 id.
526 2491 584 2517 no.
693 2478 706 2511 1
732 2477 934 2517 confraaa
951 2477 1021 2518 iid.

350 2657 428 2697 45.
459 2640 694 2697 Lucretius]
737 2656 784 2695 4.
809 2658 852 2685 1.
885 2642 1117 2688 Observata
1202 2643 1314 2702 quod
1334 2658 1462 2688 unam
1490 2652 1656 2688 tantum
1683 2643 1847 2700 literam
1867 2644 1922 2689 ab
1937 2645 2026 2691 ‘ini-

289 2700 464 2759 dignum
487 2702 541 2744 est
570 2701 651 2751 his,
673 2701 746 2758 qui
770 2702 899 2744 libros
919 2702 1115 2758 antiquos
1200 2705 1273 2746 tiis
1307 2702 1535 2760 relinquere
1563 2703 1864 2756 miniculatori,
1897 2719 2023 2762 quem

292 2760 486 2809 traaant,
507 2775 558 2801 ex
585 2759 726 2801 eodem
745 2758 858 2802 fonte
877 2758 1011 2802 ortam
1032 2760 1114 2804 lec·
1196 2762 1400 2811 diximus,
1418 2761 1688 2820 descriptores
1706 2761 1904 2806 solebant.

290 2819 446 2862 tionem
483 2816 584 2867 via,
623 2832 752 2874 quam
789 2818 910 2875 supra
948 2821 1113 2862 notavi·
1254 2834 1330 2875 45.
1365 2818 1590 2877 Virgilius]
1630 2820 1795 2879 Georg.
1832 2835 1877 2873 2,
1915 2836 2019 2876 54¹·

289 2890 403 2926 mus,
426 2891 449 2918 e
478 2889 562 2932 qua
589 2874 740 2926 omnia,
761 2877 875 2933 quod
894 2875 1049 2934 legitur
1069 2878 1111 2922 in
1192 2876 1238 2920 in
1255 2877 1452 2920 Bucolicis
1469 2896 1512 2935 9,
1535 2894 1580 2931 7.

287 2935 422 2994 prima
442 2934 630 2976 omnium
647 2934 826 2976 editione
843 2936 1030 2977 Lucretii
1043 2936 1110 2981 A.
1251 2951 1328 2991 45.
1361 2935 1585 2992 fumantia
1616 2936 1739 2992 colla]
1790 2935 2020 2982 Solenniter

291 2995 422 3046 1486.
484 2993 696 3035 Nimirum
731 2994 908 3050 primam
948 2994 1110 3037 literam
1193 2993 1283 3038 haec
1318 2995 1404 3037 duo
1423 2994 1603 3049 fumans
1635 3004 1676 3038 et
1692 2996 1893 3054 spumans
1918 2997 2018 3039 mis·

288 3052 388 3096 libri
417 3065 514 3093 cum
553 3049 834 3095 miniculatori
863 3051 1112 3109 relinqueret
1194 3053 1275 3096 ceri
1305 3068 1330 3096 a
1356 3052 1556 3105 librariis,
1575 3053 1835 3098 observatum
1863 3069 1888 3097 a
1907 3055 2017 3099 Dra-

286 3109 485 3155 IIbrarius
551 3108 801 3166 pingendam
859 3109 1108 3168 elegantius,
1191 3111 1320 3154 kenb.
1357 3111 1409 3153 ad
1449 3110 1525 3154 Sil.
1563 3126 1607 3164 2,
1641 3114 1741 3166 163.
1802 3114 1892 3156 Nec
1923 3112 2017 3157 sane

287 3168 476 3212 relietum
506 3168 558 3209 est
578 3166 662 3209 via
683 3185 695 3208 .-
728 3167 805 3210 hoc
835 3168 1011 3225 arripuit
1031 3169 1109 3212 ali·
1177 3169 1425 3227 spumantia
1460 3170 1656 3213 damnare
1693 3169 1820 3213 ausim
1841 3189 1854 3214 ε
1899 3171 2014 3214 vide-

286 3228 384 3284 quis
433 3226 555 3268 Fabii
591 3225 828 3268 emendator
873 3226 1104 3283 imperitus.

285 3285 417 3328 Porro
449 3282 530 3325 via
559 3282 661 3325 illud
693 3299 792 3327 cum
817 3284 1107 3342 non¹placeret

282 3343 373 3392 alii,
405 3342 477 3397 qui
516 3342 701 3384 laborare
735 3343 892 3386 versum
926 3343 1106 3395 sentiret,

283 3414 383 3457 fecit
413 3402 495 3464 W,
516 3413 557 3455 h.
583 3429 618 3455 e.
649 3413 800 3456 omnia.
863 3414 975 3466 Alii,
998 3430 1104 3472 quos

284 3473 448 3529 Regius
479 3472 639 3515 secutus
669 3473 737 3522 est,
767 3472 894 3515 invia
923 3476 1106 3528 conjece-

283 3541 395 3580 runt,
437 3545 517 3571 non
557 3531 663 3572 male
701 3530 762 3573 illi
811 3530 997 3587 quidem,
1038 3532 1101 3573 sed

277 3588 390 3634 avia
426 3602 570 3632 verum
607 3589 697 3640 effe,
736 3588 800 3632 vel
840 3590 932 3632 inde
970 3600 1101 3650 patet,

1190 3241 1286 3270 mus
1306 3229 1415 3271 enim
1440 3228 1482 3271 in
1509 3229 1702 3272 exercitis
1731 3229 2016 3274 vehementius

1189 3287 1308 3344 equis
1339 3300 1423 3330 non
1459 3288 1500 3329 in
1521 3287 1692 3342 sumum
1722 3287 1849 3332 modo
1873 3285 2014 3339 facile,

1188 3344 1396 3402 imprimis
1426 3344 1454 3388 fi
1482 3343 1676 3402 frigidior
1704 3345 1919 3405 tempestas
1947 3345 2012 3397 fit,

1188 3403 1263 3509 fiedi
1275 3405 1320 3446 in
1334 3406 1530 3470 spumam
1560 3404 1687 3447 etiam
1717 3402 1906 3449 sudorem
1926 3404 2014 3455 coi·

1219 3478 1321 3588 ἕ,1.8.
1346 3531 1542 3593 Equidem
1554 3533 1734 3587 ceteras]
1756 3532 1841 3576 Pro
1851 3531 2010 3577 Milon.

1187 3605 1231 3636 ι,
